1404 2346
184 108 231 144 10
510 102 776 143 CORNELII
810 103 874 140 TA
881 102 998 141 CITI

181 201 416 228 sun—xvix.
470 188 599 226 Sketck
624 188 673 236 of
687 188 744 225 the
765 187 914 224 Roman
935 191 1104 234 conquest
1122 185 1332 233 ‹ffBritain

221 247 332 295 from
359 246 416 283 the
457 246 632 282 invasion
668 244 717 292 os
731 244 877 280 -Julius
906 243 1044 281 Caesar
1078 248 1113 278 to
1149 242 1199 278 its
1231 254 1331 278 more

229 303 400 351 complete
433 301 677 350 subjuqation
704 301 751 349 by
781 300 975 338 Claudius.
1030 298 1180 335 Roman
1207 311 1331 346 yover-

230 359 394 406 norstqf
403 358 568 395 Britain.
623 357 650 393 I
649 356 880 393 nsurrection
901 356 949 403 of
963 355 1020 391 tlte
1037 354 1191 391 Britons
1211 354 1332 390 under

231 416 438 458 Boadicea;
466 415 549 461 they
576 419 690 450 Βίαν-7η
718 412 1032 456 Cambodunum,
1061 411 1124 447 but
1151 424 1215 447 are
1241 423 1332 447 com-

224 472 362 520 pletely
380 471 547 519 defeated
563 470 610 517 by
627 469 828 506 Suetonius
845 468 1063 504 Paulbinus.
1129 466 1332 504 Governors

230 530 309 566 wlco
340 522 532 565 succeeded
556 527 773 563 Paullinus.
830 524 939 561 Little
970 525 1062 560 done
1093 523 1140 571 by
1172 524 1266 560 them
1297 529 1331 560 co

230 586 392 622 advanoe
412 578 478 621 tlte¹
489 584 637 620 Roman
654 582 849 624 dominion
866 582 910 618 in
927 580 1092 617 Britain.
1155 579 1332 627 Viyorous

226 642 353 689 policy
372 640 419 688 qs
437 639 647 688 Vespasian.

256 754 379 791 XIII.
435 753 517 803 Ipsi
547 753 724 789 Britanni
752 752 940 788 delectum
967 764 1009 788 ao
1036 751 1185 787 tributa
1211 754 1250 786 et
1275 750 1332 786 in-

178 818 308 854 iuncta
343 816 494 865 imperii
529 828 686 852 munera
719 815 879 863 impigre
914 815 1066 860 obeunt,
1103 814 1136 849 si
1170 812 1331 849 iniuriae

176 880 305 916 absint
312 892 323 926 3
348 879 416 915 has
451 892 560 928 aegre
595 878 770 924 tolerant,
808 879 885 914 iam
920 877 1054 913 domiti
1086 881 1131 913 ut
1160 881 1328 925 pareant,

177 942 345 978 nondum
370 945 415 978 ut
439 943 615 978 serviant.
671 941 799 989 Igitur
824 941 969 989 primus
995 940 1166 976 omnium
1193 939 1331 975 Roma-

177 1019 313 1042 norum
347 1006 459 1042 divus
494 1005 618 1041 Iulius
656 1017 743 1041 cum
782 1004 952 1041 exercitu
993 1003 1235 1039 Britanniam
1274 1002 1330 1038 in-

176 1082 334 1118 gressus,
359 1082 589 1119 quamquam
615 1080 792 1117 prospera
818 1080 946 1116 pugna
970 1067 1150 1104 terruerit
1176 1066 1327 1110 incolas,

175 1144 219 1168 ac
242 1132 354 1168 litore
377 1131 522 1180 potitus
543 1132 603 1177 sit,
630 1133 755 1179 potest
777 1130 899 1166 videri
925 1129 1131 1166 ostendisse
1158 1128 1327 1177 posteris,

176 1207 254 1230 non
271 1193 479 1263 tmfflsssse.
535 1193 632 1230 Mox
650 1193 749 1229 bella
766 1192 902 1237 civilia,
923 1196 962 1228 et
980 1192 1023 1227 in
1043 1204 1124 1227 rem
1140 1191 1330 1240 publicam

176 1270 285 1293 versa
286 1235 532 1305 “prinoipum
566 1268 680 1302 arma,
718 1267 761 1291 ao
796 1255 909 1303 longa
938 1254 1078 1290 oblivio
1110 1252 1330 1289 Britanniae

177 1318 293 1354 etiam
309 1318 352 1354 in
368 1330 468 1367 pace.
525 1317 735 1355 Consilium
752 1317 793 1353 id
809 1317 920 1353 divus
938 1316 1139 1364 Augustus
1159 1315 1327 1359 vocabat,

176 1380 349 1417 Tiberius
378 1383 628 1429 praeceptum.
683 1379 862 1427 Agitasse
892 1377 1031 1413 Gaium
1060 1377 1258 1413 Gaesarem
1283 1376 1330 1412 de

175 1442 354 1479 intranda
389 1442 591 1478 Britannia
625 1442 718 1478 satis
753 1444 910 1486 constat,
947 1439 991 1475 ni
1027 1440 1141 1475 velox
1177 1438 1330 1487 ingenio

176 1507 325 1543 mobilis
348 1507 614 1556 poenitentiae,
638 1510 677 1543 et
694 1507 867 1554 ingentes
891 1505 1070 1541 adversus
1089 1503 1330 1541 Germaniam

174 1572 331 1606 conatus
343 1569 485 1606 frustra
501 1570 675 1606 fuissent.
714 1569 838 1605 Divus
853 1568 1034 1604 Claudius
1052 1570 1184 1603 auctor
1202 1566 1331 1602 iterati

173 1633 307 1681 operis,
337 1633 561 1669 transvectis
585 1632 799 1681 legionibus
823 1631 1052 1679 auxiliisque
1079 1633 1118 1666 et
1138 1632 1330 1677 assumpto

174 1695 217 1731 in
237 1698 385 1743 partem
404 1706 532 1731 rerum
557 1694 813 1743 Vespasiano3
839 1693 941 1742 quod
966 1688 1130 1728 initium*
1147 1696 1331 1728 venturae

174 1771 266 1795 mox
295 1759 471 1795 fortunae
498 1758 582 1797 suit.
639 1758 818 1794 Domitae
848 1760 989 1806 gentes,
1020 1757 1123 1805 capti
1149 1768 1266 1805 reges,
1293 1760 1332 1793 et

174 1825 409 1858 monstratus
426 1821 515 1857 fatis
532 1820 798 1869 Vespasianus.

253 1882 371 1920 XIV.
428 1882 693 1920 Consularium
711 1882 856 1932 primus
877 1882 1006 1918 Aulus
1028 1881 1204 1918 Plautius
1227 1894 1332 1930 prae·

176 1945 333 1994 positus,
365 1957 408 1982 ao
439 1945 599 1982 subinde
632 1945 804 1982 Ostorius
836 1945 1006 1993 Scapula,
1039 1948 1200 1993 uterque
1234 1944 1333 1981 bello

176 2009 367 2058 egregius3
396 2009 622 2058 redactaque
653 2009 839 2058 paulatim
865 2009 907 2044 in
933 2008 1091 2044 formam
1118 2008 1333 2056 provinciae

177 2072 350 2120 proxima
390 2084 476 2120 pars
518 2071 750 2108 Britanniae.
803 2071 951 2107 Addita
992 2071 1148 2119 insuper
1190 2074 1333 2108 vetera-

175 2147 311 2171 norum
346 2134 502 2173 colonia.
558 2134 752 2179 Quaedam
783 2134 956 2171 civitates
985 2133 1222 2183 Cogidumno
1250 2135 1330 2182 regi

177 2196 338 2234 donatae
372 2197 418 2247 (is
448 2198 496 2234 ad
524 2201 692 2234 nostram
723 2209 842 2246 usque
876 2196 1096 2233 memoriam
1130 2195 1332 2233 fidissimus
