1404 2346
193 124 239 161 14
518 123 784 162 CORNELII
817 124 943 162 TACI
942 124 1003 162 TI

188 207 393 255 tractisque
425 207 615 256 legionum
654 208 805 244 vexillis
846 213 885 245 et
927 209 1073 246 modica
1113 210 1341 247 auxiliorum

188 281 314 314 manu,
343 269 433 318 quia
463 270 504 306 in
529 282 691 318 aequum
717 270 868 318 degredi
896 270 1098 307 Ordovices
1125 285 1203 309 non
1231 273 1340 309 aude-

187 332 292 377 bant,
315 332 394 380 ipse
418 336 505 368 ante
529 327 674 380 agmen,
700 345 774 381 quo
801 334 932 369 ceteris
959 346 1027 382 par
1052 335 1201 371 animus
1227 334 1343 371 simili

187 394 353 443 periculo
371 398 477 439 esset,
497 399 620 430 erem
638 395 764 431 aciem.
826 395 1015 444 Caesaque
1034 409 1148 445 prope
1165 398 1341 435 universa

186 459 309 504 gente,
328 469 404 492 non
426 457 578 504 ignarus
599 458 819 494 instandum
840 459 971 504 famae,
1001 473 1054 505 ac,
1081 466 1194 509 prout
1219 462 1340 510 prima

187 519 392 563 cessissent,
433 523 616 555 terrorem
655 521 787 556 ceteris
828 521 916 566 fore,
963 521 1120 559 Monam
1163 524 1341 571 insulam,

187 582 293 617 cuius
311 581 539 629 possessione
557 586 772 619 revocatum
787 583 991 621 Paulinum
1005 586 1209 623 rebellione
1222 588 1339 624 totius
1385 587 1387 589 ’

187 645 409 682 Britanniae
437 658 550 694 supra
578 647 791 692 memoravi,
829 648 997 696 redigere
1034 649 1077 685 in
1114 654 1339 698 potestatem

185 708 312 744 animo
347 708 522 745 intendit.
579 708 662 754 Sed,
700 713 745 745 ut
779 710 817 745 in
855 710 980 746 dubiis
1015 712 1191 757 consiliis,
1224 725 1338 749 naves

185 771 341 807 deerant
348 784 359 817 3
394 771 491 807 ratio
528 775 566 807 et
601 772 813 808 constantia
847 773 951 809 ducis
986 775 1208 813 transvexit.
1264 776 1338 813 De-

184 833 316 881 positis
334 833 506 869 omnibus
525 833 679 869 sarcinis
697 834 916 870 lectissimos
930 835 1183 882 auxiliarium,
1201 838 1338 886 quibus

184 899 276 932 nota
298 896 395 932 vada
423 899 462 932 et
485 895 630 944 patrius
651 896 767 931 nandi
791 908 892 942 usus,
919 909 994 945 quo
1021 898 1135 934 simul
1162 911 1274 947 seque
1300 904 1338 936 et

184 971 288 994 arma
306 962 345 994 et
362 971 476 1006 equos
493 963 640 1007 regunt,
660 959 715 994 ita
736 963 890 1007 repente
911 960 1080 1005 immisit,
1099 965 1144 996 ut
1165 962 1338 1011 obstupe-

184 1020 274 1055 facti
291 1020 425 1065 hostes,
446 1021 511 1069 qui
531 1021 695 1066 classem,
716 1022 782 1069 qui
801 1033 926 1066 naves,
946 1023 1012 1070 qui
1030 1035 1132 1059 mare
1150 1028 1337 1072 exspecta-

184 1082 286 1127 bant,
319 1083 419 1118 nihil
449 1083 610 1118 arduum
638 1086 706 1118 aut
732 1084 918 1119 invictum
949 1084 1178 1122 crediderint
1208 1086 1260 1122 sic
1288 1087 1336 1123 ad

183 1145 324 1181 bellum
341 1145 591 1182 venientibus.
649 1146 712 1182 Ita
733 1147 854 1194 petita
875 1159 964 1194 pace
990 1159 1033 1183 ac
1059 1147 1187 1184 dedita
1212 1149 1337 1185 insula

183 1206 305 1242 clarus
339 1219 382 1242 ac
417 1219 574 1255 magnus
609 1206 740 1243 haberi
775 1207 963 1255 Agricola,
1002 1209 1141 1257 quippe
1180 1210 1242 1246 cui
1281 1212 1336 1247 in-

181 1269 368 1317 gredienti
396 1270 640 1318 provinciam,
673 1270 774 1318 quod
802 1274 951 1318 tempus
981 1271 1048 1306 alii
1079 1284 1146 1319 per
1176 1277 1336 1309 ostenta-

181 1332 325 1368 tionem
360 1336 399 1368 et
433 1332 639 1379 officiorum
674 1331 859 1367 ambitum
894 1331 1120 1380 transigunt,
1157 1334 1264 1370 labor
1297 1339 1336 1371 et

183 1394 391 1442 periculum
442 1394 653 1443 placuisset.
720 1393 803 1430 Nec
855 1393 1035 1441 Agricola
1086 1397 1335 1444 prosperitate

182 1466 309 1492 rerum
329 1456 371 1492 in
394 1456 605 1492 vanitatem
629 1468 718 1491 usus
745 1456 1023 1503 expeditionem
1050 1461 1117 1493 aut
1137 1458 1334 1495 victoriam

181 1519 338 1555 vocabat
358 1519 478 1555 victos
501 1518 748 1564 continuisse3
776 1531 823 1555 ne
847 1518 1025 1555 laureatis
1051 1520 1204 1567 quidem
1230 1526 1334 1569 gesta

181 1585 398 1630 prosecutus
416 1584 481 1616 est.
539 1580 612 1616 Sed
630 1580 711 1628 ipsa
730 1580 1028 1616 dissimulatione
1049 1581 1170 1617 famae
1195 1582 1329 1618 famam

180 1644 289 1679 auxit
323 1643 620 1687 aestimantibus,
658 1646 803 1690 quanta
837 1642 958 1678 futuri
995 1655 1060 1691 spe
1089 1646 1169 1679 tam
1198 1657 1332 1692 magna

181 1708 367 1743 tacuisset.

257 1769 375 1806 XIX.
433 1768 610 1806 Ceterum
645 1768 857 1804 animorum
899 1768 1114 1815 provinciae
1154 1769 1328 1816 prudens,

181 1832 368 1879 simulque
386 1831 518 1867 doctus
541 1842 609 1878 per
626 1829 748 1865 aliena
767 1829 1025 1877 experimenta
1049 1842 1184 1878 parum
1202 1832 1331 1879 profici

180 1896 304 1940 armis,
325 1895 356 1931 si
373 1894 535 1943 injuriae
555 1897 812 1941 sequerentur,
833 1905 962 1928 causas
980 1893 1165 1928 bellorum
1193 1895 1331 1931 statuit

180 1957 362 1994 excidere.
417 1957 457 1992 A
482 1969 520 1992 se
547 1955 698 2003 suisque
723 1967 827 1990 orsus
854 1955 1020 2002 primum
1047 1956 1200 1992 domum
1224 1969 1330 1994 suam

179 2019 354 2064 coercuit,
375 2018 476 2067 quod
494 2018 683 2066 plerisque
700 2016 802 2052 haud
819 2017 945 2052 minus
963 2018 1124 2054 arduum
1142 2024 1199 2055 est
1217 2032 1329 2068 quam

180 2082 413 2130 provinciam
430 2093 568 2129 regere.
624 2079 735 2115 Nihil
754 2091 821 2127 per
838 2078 995 2115 libertos
1013 2093 1214 2130 servosque
1236 2082 1329 2130 pub·

178 2145 273 2181 licae
299 2145 354 2180 rei
393 2156 471 2180 non
495 2144 630 2179 studiis
654 2142 812 2191 privatis
837 2155 906 2178 nec
931 2155 979 2178 ex
1006 2144 1329 2181 commendatione

109 2171 391 2215 &ua-mr-

179 2211 247 2243 aut
265 2206 438 2255 precibus
456 2205 724 2250 centurionem,
746 2203 886 2240 milites
904 2204 1029 2254 ascire,
1051 2206 1116 2241 sed
1143 2206 1326 2254 optimum
