1404 2346
292 114 326 151 A
334 111 565 153 GRIGOLA
602 110 962 150 XXV.-XX1X.
1174 110 1221 148 19

42 201 300 255 ploratoribus
326 200 484 239 edoctus
511 203 552 237 et
578 198 753 248 vestigiis
788 197 996 244 insecutus,
1035 195 1224 234 velocissi-

42 280 126 305 mos
143 266 316 318 equitum
335 265 588 316 peditumque
607 263 796 300 assultare
819 263 939 312 tergis
962 260 1223 311 pugnantium

42 331 160 378 iubet,
179 342 270 367 mox
289 329 338 366 ab
356 327 546 365 universis
564 327 679 364 adiici
697 326 902 363 clamorem
915 339 926 373 3
947 330 988 363 et
1005 324 1224 375 propinqua

41 394 126 432 luce
147 393 288 431 fulsere
306 393 425 442 signa.
481 391 548 428 Ita
565 391 726 440 ancipiti
744 389 847 427 malo
865 389 994 427 territi
1013 388 1196 426 Britanni
1208 401 1221 435 3

42 463 82 498 et
117 457 303 496 Romanis
334 457 450 494 rediit
485 456 648 502 animus,
679 467 723 492 ac
754 454 878 492 securi
913 467 983 504 pro
1014 453 1138 491 salute
1174 453 1223 491 de

40 524 162 576 gloria
187 524 397 562 certabant.
455 521 576 560 Ultro
608 520 704 572 quin
736 521 853 558 etiam
877 532 1048 569 erupere,
1078 523 1118 556 et
1143 518 1222 557 fuit

41 593 155 625 atrox
172 588 214 625 in
231 587 325 637 ipsis
342 590 541 636 portarum
560 585 750 635 angustiis
768 584 968 634 proelium,
986 583 1105 621 donec
1118 583 1220 633 pulsi

40 652 177 698 hostes,
198 656 363 700 utroque
382 650 555 688 exercitu
580 654 765 696 certante,
784 649 856 696 his,
876 653 924 686 ut
943 649 1078 686 tulisse
1097 662 1221 698 opem,

40 717 129 764 illis,
151 729 201 755 ne
218 716 365 766 eguisse
383 716 529 753 auxilio
547 715 783 752 viderentur.
838 713 949 759 Quod
969 713 1044 751 nisi
1063 713 1224 763 paludes

40 785 80 818 et
111 781 231 818 silvae
254 780 445 830 fugientes
473 779 675 826 texissent,
707 777 943 815 debellatum
969 777 1039 814 illa
1060 777 1223 814 victoria

39 847 148 884 foret.

119 910 307 948 XXVII.
365 910 486 948 Cuius
516 908 749 947 conscientia
779 921 823 946 ac
850 908 953 946 fama
978 908 1088 945 ferox
1115 920 1224 946 exer-

34 976 139 1013 -citus
156 975 255 1013 nihil
272 976 522 1012 virtutisuae
547 974 710 1021 invium,
741 978 782 1011 et
809 973 1086 1023 penetrandam
1116 972 1232 1010 Cale-
1332 966 1404 1006 s

40 1040 195 1077 doniam
213 1039 566 1089 inveniendumque
586 1039 744 1076 tandem
763 1038 990 1075 Britanniae
1008 1038 1223 1075 terminum

41 1105 222 1141 continuo
239 1103 473 1154 proeliorum
492 1116 605 1140 cursu
623 1103 840 1140 fremebant
853 1116 867 1150 3
891 1107 1008 1152 atque
1030 1102 1089 1140 illi
1108 1103 1224 1140 modo

41 1168 144 1205 cauti
162 1181 205 1205 ac
223 1168 412 1217 sapientes
427 1168 595 1217 prompti
613 1172 702 1217 post
720 1171 903 1205 eventum
921 1181 965 1205 ac
983 1167 1224 1218 magni-loqui

43 1235 162 1271 erant.
219 1232 471 1282 Iniquissima
489 1232 583 1268 haec
602 1232 791 1269 bellorum
811 1232 984 1283 condicio
1009 1235 1066 1269 est
1080 1244 1091 1278 3
1120 1244 1224 1281 pros-

42 1308 134 1345 pera
164 1308 295 1332 omnes
322 1296 395 1332 sibi
423 1296 634 1342 vindicant,
664 1296 823 1333 adversa
859 1291 929 1333 uni
965 1296 1220 1345 imputantur.

42 1359 104 1395 At
132 1357 326 1405 Britanni,
345 1372 424 1396 non
447 1359 602 1407 virtute,
624 1360 689 1396 sed
715 1359 910 1397 occasione
939 1364 978 1397 et
1003 1363 1089 1396 arte
1115 1359 1226 1396 ducis

42 1422 168 1459 elusos
195 1422 282 1469 rati,
317 1422 416 1459 nihil
444 1436 494 1460 ex
519 1424 740 1473 arrogantia
775 1424 985 1470 remittere,
1015 1421 1240 1473 quominus'

42 1487 286 1525 iuventutem
305 1491 511 1533 armarent,
532 1487 712 1537 coniuges
730 1500 773 1524 ac
797 1488 941 1525 liberos
957 1489 999 1525 in
1023 1489 1106 1526 loca
1130 1493 1220 1525 tuta

42 1551 304 1596 transferrent,
326 1551 497 1588 coetibus
515 1564 558 1588 ac
581 1552 773 1588 sacrificiis
791 1552 1114 1603 conspirationem
1133 1553 1241 1589 civi-‘

42 1619 169 1652 tatum
196 1615 399 1669 sancirent.
456 1616 592 1666 Atque
610 1617 667 1653 ita
685 1616 849 1653 irritatis
867 1618 1064 1667 utrimque
1083 1617 1224 1655 animis

43 1678 256 1718 discessum.

122 1742 334 1781 XXVIII.
390 1744 535 1782 Eadem
567 1749 712 1783 aestate
741 1737 877 1782 cohors
903 1745 1132 1796 Usipiorum
1156 1759 1226 1795 per

45 1806 273 1844 Germanias
310 1809 524 1858 conscripta
561 1813 600 1846 et
635 1809 678 1846 in
710 1809 957 1846 Britanniam
999 1810 1226 1846 transmissa

44 1884 227 1921 magnum
244 1885 288 1909 ac
313 1874 558 1910 memorabile
576 1873 726 1910 facinus
749 1887 842 1910 ausa
861 1878 928 1911 est.
987 1873 1125 1910 Occiso
1140 1885 1225 1910 cen-

44 1936 198 1974 turione
227 1949 271 1974 ac
298 1937 499 1984 militibus,
533 1938 602 1987 qui
638 1938 688 1974 ad
722 1938 951 1974 tradendam
983 1937 1226 1986 disciplinam

44 2000 207 2038 immisti
236 2001 443 2051 manipulis
468 2002 690 2052 exemplum
710 2007 749 2038 et
773 1996 939 2039 rectores
968 2001 1223 2046 habebantur,

46 2071 124 2103 tres
159 2065 367 2103 liburnicas
402 2066 547 2103 adactis
583 2079 652 2116 per
687 2066 766 2102 vim
809 2065 1136 2115 gubernatoribus
1169 2076 1227 2100 as·-

44 2129 205 2166 ,cendere
219 2142 230 2176 3
263 2132 303 2166 et
332 2142 411 2166 uno
442 2130 666 2179 remigante,
701 2129 888 2179 suspectis
920 2129 1070 2166 duobus
1106 2139 1230 2176 eoque·

45 2191 267 2239 interfectis,
306 2193 479 2230 nondum
514 2194 673 2243 vulgato
717 2207 871 2231 rumore
915 2198 963 2231 ut
997 2192 1227 2229 miraculum

45 2257 385 2307 praevehebantur.
434 2256 531 2294 Mox
545 2257 592 2294 ad
613 2271 752 2308 aquam
767 2262 884 2307 atque
903 2256 1017 2294 utilia
1034 2256 1229 2306 rapientes

1020 2320 1122 2346 9-0,
