1384 2378
290 125 556 168 AGRIGOLA
597 120 897 162 XL-XLVL
1143 117 1193 155 33

87 219 147 258 Tu
160 231 250 256 vero
268 216 373 263 felix,
394 212 589 264 Agricola,
610 223 690 248 non
707 209 812 246 vitae
830 209 985 244 tantum
1006 204 1194 249 claritate,

9 284 76 322 sed
104 283 221 320 etiam
252 278 542 331 opportunitate
573 274 718 312 mortis.
790 271 852 309 Ut
880 268 1096 320 perhibent,
1128 268 1197 317 qui

11 348 272 386 interfuerunt
301 342 519 381 novissimis
548 338 790 377 sermonibus
821 335 912 382 tuis,
946 338 1127 371 constans
1158 336 1198 369 et

12 413 136 451 libens
163 411 287 447 fatum
316 406 512 456 excepisti,
544 409 746 453 tamquam
782 413 852 450 pro
881 398 989 435 virili
1022 397 1200 447 portione

13 474 272 514 innocentiam
293 470 458 522 principi
476 469 647 506 donares
705 464 780 502 Sed
799 463 896 501 mihi
914 462 1093 512 filiaeque
1118 461 1201 498 eius

15 543 168 591 praeter
186 538 436 576 aceibitatem
458 533 630 583 parentis
658 530 782 579 erepti
809 531 925 578 auget
953 525 1199 571 maestitiam,

17 603 122 654 quod
156 601 321 639 assidere
355 596 582 643 valetudini,
622 595 750 632 fovere
783 591 1036 636 deficientem,
1070 589 1204 626 satiari

19 670 134 708 vultu
152 668 428 717 complexuque
446 677 524 701 non
552 661 723 711 contigit.
782 658 1074 708 Excepissemus
1102 660 1205 694 certe

21 733 203 770 mandata
245 742 440 780 vocesque,
487 740 583 777 quas
621 726 776 775 penitus
816 723 945 760 animo
989 722 1202 771 figeremus.

16 790 170 835 ⁷Noster
185 796 248 833 hic
266 795 382 840 dolor,
411 797 589 830 nostrum
616 790 761 827 vulnus
776 801 788 836 3
815 788 927 824 nobis
954 791 1042 823 tum
1069 785 1208 835 longae

25 860 220 898 absentiae
247 858 468 897 condicione
499 860 590 892 ante
621 851 922 904 quadriennium
949 851 1111 887 amissus
1139 853 1210 904 est,

29 925 171 962 Omnia
195 924 276 960 sine
302 922 430 967 dubio,
459 920 603 970 optime
631 921 847 968 parentum,
868 914 1061 953 assidente
1080 890 1217 1015 amqrff

28 989 178 1026 tissima
203 1000 322 1024 uxore
349 985 569 1036 superfuere
596 982 736 1020 honori
762 986 831 1018 tuo
848 993 859 1027 3
885 979 1128 1029 paucioribus
1176 992 1183 1002 ‘

29 1065 121 1090 men
162 1052 328 1089 lacrimis
365 1049 683 1098 compon—-es,
724 1050 764 1083 et
800 1045 1010 1094 novissima
1048 1045 1091 1081 in
1128 1045 1213 1082 luce
1252 1055 1257 1075 ⁴»
1283 1050 1310 1068 »κ’

34 1116 295 1169 desideravere
312 1114 460 1164 aliquid
479 1113 581 1150 oculi
600 1112 670 1150 tui.
688 1118 691 1120 ’

18 1184 28 1193 “
43 1176 62 1193 '⁶
114 1180 269 1218 XLVI.
326 1179 370 1216 Si
397 1179 484 1228 quis
510 1178 663 1227 piorum
690 1175 870 1212 manibus
895 1173 1010 1220 locus,
1032 1174 1076 1219 si,
1096 1176 1218 1223 11ἱὲ-

37 1244 230 1294 pientibus
247 1243 382 1292 placet,
402 1255 480 1279 non
507 1254 594 1277 cum
621 1252 775 1289 corpore
803 1239 1090 1287 extinguuntur
1116 1249 1219 1285 mag-

39 1320 112 1344 nae
142 1307 302 1354 animae,
335 1305 482 1355 placide
495 1305 692 1364 quiescas,
726 1316 883 1352 nosque,
917 1303 1073 1339 domum
1098 1305 1218 1347 tuam,

43 1375 93 1413 ab
118 1374 271 1412 infirmo
298 1355 575 1410 desideffdj
510 1376 550 1409 et
578 1371 831 1408 muliebribus
858 1370 1040 1406 lamentis
1067 1369 1116 1406 ad
1135 1381 1222 1406 con-

42 1437 332 1488 templationem
373 1437 568 1472 virtutum
612 1439 769 1470 tuarum
805 1446 929 1489 voces,
965 1446 1061 1484 quas
1097 1446 1223 1483 neque

43 1503 168 1554 lugeri
194 1515 320 1552 neque
347 1501 481 1552 plangi
510 1501 566 1537 fas
596 1505 664 1537 est.
719 1500 994 1538 Admiratione
1024 1505 1063 1537 te
1096 1501 1225 1550 potius

45 1580 161 1618 quam
191 1566 466 1624 temporalibus
490 1565 677 1611 laudibus
697 1569 747 1611 et,
768 1564 802 1601 si
826 1572 966 1602 natura
990 1565 1222 1616 suppeditet,

46 1633 304 1672 aemulatione
322 1632 552 1678 decoremus
609 1630 651 1667 Is
678 1643 792 1667 verus
818 1630 949 1677 honos,
979 1644 1024 1668 ea
1046 1620 1229 1669 0011111110-

23 1697 188 1735 'tissimi
218 1697 401 1746 cuiusque
433 1696 564 1754 pietas.
640 1695 690 1732 Id
721 1695 822 1733 filiae
852 1708 1006 1745 quoque
1036 1678 1247 1745 uxorique*
1303 1703 1306 1705 “

53 1760 316 1811 praeceperim,
338 1761 392 1797 sic
411 1759 543 1809 patris,
563 1759 617 1796 'sic
636 1759 769 1797 mariti
794 1760 1018 1796 memoriam
1042 1759 1228 1804 venerari,

53 1825 101 1859 ut
117 1822 244 1859 omnia
261 1823 362 1859 facta
380 1822 558 1871 dictaque
577 1822 659 1859 eius
677 1834 806 1859 secum
824 1822 1037 1867 revolvant,
1054 1822 1231 1859 formam-

55 1898 132 1935 que
159 1898 203 1923 ac
223 1886 385 1936 figuram
411 1899 533 1947 Q
560 1886 683 1935 magis
707 1899 826 1937 quam
851 1886 1020 1936 corporis
1049 1882 1255 1936 complec--'
1307 1899 1310 1902 ’
1378 1889 1384 1896 “·

58 1953 220 2004 tantur-5
253 1962 333 1987 non
359 1950 450 2000 quia
478 1951 794 1990 intercedendum
822 1954 958 2000 putem
988 1939 1233 1999 imaginib‘us,

58 2024 157 2063 quae
191 2025 379 2053 marmore
413 2018 482 2051 aut
517 2027 603 2051 aere
644 2014 848 2063 finguntur
861 2028 872 2061 3
919 2014 986 2051 sed
1021 2017 1068 2050 ut
1103 2013 1236 2049 vultus

59 2075 272 2123 hominum,
291 2077 348 2114 ita
372 2077 575 2115 simulacra
600 2078 735 2115 vultus
763 2077 957 2114 imbecilla
985 2090 1030 2114 ac
1058 2075 1240 2125 mortalia
1255 2099 1272 2114 ,ι

61 2143 165 2186 sunt,
185 2139 306 2196 foQa
324 2141 463 2178 mentis
481 2146 649 2188 aeterna,
670 2154 788 2191 quam
814 2145 946 2178 tenere
966 2145 1006 2177 et
1024 2139 1242 2189 exprimere

0 2218 2 2261 ζ
63 2215 143 2242 11011
177 2217 246 2254 per
279 2205 443 2243 alienam
478 2206 679 2243 materiam
715 2210 756 2242 et
790 2209 925 2248 artem,
958 2204 1024 2242 sed
1053 2204 1133 2243 tuis
1162 2204 1244 2254 ipse

65 2268 235 2306 moribus
269 2269 399 2320 possis,
478 2269 672 2320 Quicquid
708 2282 758 2307 ex
794 2269 980 2320 Agricola
1015 2269 1241 2314 amavimus,

153 2345 187 2374 τ.
201 2347 240 2378 Α.
1116 2335 1138 2369 3
