1404 2346
345 86 615 125 AGRICOLA
656 85 882 124 XIII.—X
891 85 983 125 VII.
1212 87 1256 124 11

83 172 249 225 mansit),
269 177 325 221 ut,
344 176 474 211 vetere
496 186 539 210 ac
567 173 645 210 iam
667 172 817 223 pridem
838 177 993 223 recepta
1019 172 1153 223 populi
1181 173 1259 210 Ro-

83 239 188 276 mani
213 238 500 284 consuetudine,
520 238 680 274 haberet
706 237 971 294 instrumenta
998 237 1198 275 servitutis
1220 243 1261 274 et

82 320 202 358 reges.
246 307 346 345 Mox
365 306 506 343 Didius
526 305 662 342 Gallus
680 309 791 355 parta
809 318 832 342 a
845 305 1039 355 prioribus
1052 304 1258 349 continuit,

81 373 212 422 paucis
242 372 449 409 admodum
479 370 645 408 castellis
674 370 716 406 in
748 369 934 406 ulteriora
966 368 1162 418 promotis,
1192 381 1262 418 per

81 446 180 486 quae
197 436 299 473 fama
317 435 422 473 aucti
438 434 553 472 officii
570 437 828 484 quaereretur.
886 432 1050 470 Didium
1063 432 1261 469 Veranius

81 503 243 552 excepit,
272 502 381 551 isque
406 501 511 537 intra
534 512 681 536 annum
705 500 902 535 extinctus
927 502 994 535 est.
1051 497 1262 535 Suetonius

81 567 171 603 hinc
203 566 390 603 Paulinus
420 565 576 601 biennio
608 576 807 613 prosperas
837 575 898 600 res
926 562 1065 599 habuit
1093 562 1262 599 subactis
1311 611 1314 614 ‚

80 630 303 667 nationibus
350 629 590 678 firmatisque
638 628 858 678 praesidiis3
907 640 1073 677 quorum
1121 626 1271 678 fiducia·

70 694 242 731 'Monam
276 694 453 739 insulam,
491 697 538 729 ut
573 693 676 728 vires
711 691 919 728 rebellibus
960 690 1261 736 ministrantem,

79 770 277 807 aggressus
294 762 403 806 terga
421 756 607 805 occasioni
625 755 815 805 patefecit.
848 785 851 787 >
866 767 872 774 ⁷
1054 764 1070 781 ¹³

158 820 252 859 XV.
310 820 490 870 Namque
543 819 717 856 absentia
770 818 890 868 legati
943 821 1092 856 remoto
1140 822 1259 864 metu,

79 887 261 924 Britanni
302 886 448 935 agitare
486 886 591 922 inter
626 897 665 921 se
701 883 804 920 mala
839 883 1050 930 servitutis,
1089 883 1262 919 conferre

77 952 240 989 iniurias
282 955 322 988 et
368 949 660 1000 interpretando
700 949 918 994 accendere.
973 947 1088 985 Nihil
1127 948 1261 997 profici

76 1015 275 1065 patientia,
296 1015 372 1052 nisi
393 1018 440 1051 ut
460 1014 636 1064 graviora
659 1017 859 1063 tamquam
888 1025 937 1049 ex
962 1012 1069 1049 facili
1097 1012 1262 1049 toleran-

75 1079 181 1116 tibus
216 1080 464 1130 imperentur.
522 1079 702 1129 Singulos
739 1080 814 1116 sibi
850 1079 942 1116 olim
984 1091 1091 1128 reges
1129 1079 1259 1125 fuisse,

76 1157 180 1182 nunc
211 1144 321 1181 binos
352 1144 511 1196 imponi,
546 1157 567 1182 e
598 1145 739 1192 quibus
771 1145 920 1194 legatus
951 1144 993 1180 in
1022 1143 1259 1193 sanguinem,

77 1212 300 1259 procurator
317 1209 358 1246 in
381 1210 482 1246 bona
504 1210 678 1259 saevi-ret.
736 1210 874 1259 Aeque
900 1209 1130 1246 discordiam
1156 1222 1262 1259 prae-

76 1273 299 1322 positorum,
346 1286 467 1322 aeque
516 1274 755 1310 concordiam
808 1273 989 1310 subiectis
1036 1273 1239 1310 exitiosam
1249 1288 1260 1320 3

77 1336 235 1373 alterius
266 1341 434 1385 manuss,
467 1336 719 1382 centuriones,
752 1337 913 1373 alterius
948 1348 1078 1374 servos
1107 1336 1190 1373 vim
1221 1343 1262 1373 et

77 1400 327 1437 contumelias
375 1401 543 1439 miscere.
601 1401 715 1437 Nihil
764 1402 840 1438 iam
888 1401 1106 1450 cupiditati,
1162 1402 1261 1438 nihil

76 1465 232 1503 libidini
267 1469 480 1516 exceptum.
538 1466 589 1503 In
629 1466 774 1515 proelio
813 1466 1013 1503 fortiorem
1054 1478 1145 1512 esse,
1194 1467 1262 1516 qui

78 1529 234 1580 spoliet;
277 1542 382 1567 nunc
424 1530 473 1566 ab
512 1529 664 1579 ignavis
702 1529 931 1579 plerumque
967 1533 1007 1566 et
1041 1530 1262 1567 imbellibus

77 1593 175 1642 eripi
205 1593 348 1638 domos,
380 1593 554 1630 abstrahi
589 1593 738 1640 liberos,
770 1593 922 1642 iniungi
953 1593 1135 1640 delectus,
1167 1597 1264 1630 tam-

78 1670 195 1708 quam
215 1659 315 1695 mori
335 1661 493 1695 tantum
510 1671 581 1708 pro
599 1658 727 1708 patria
753 1658 1025 1711 nescientibus
1086 1658 1263 1703 Quantu-

78 1723 158 1760 lum
175 1724 279 1761 enim
290 1723 472 1760 transisse
487 1724 669 1768 militum,
684 1725 717 1761 si
736 1736 816 1761 sese
829 1723 1012 1761 Britanni
1023 1725 1261 1761 numerent?

79 1786 143 1823 Sic
156 1787 382 1825 Germanias
401 1787 612 1824 excussisse
630 1788 776 1837 iugum,
790 1791 830 1824 et
843 1787 1012 1833 flumine,
1029 1800 1109 1824 non
1122 1799 1264 1824 oceano

80 1850 254 1898 defendi3
291 1851 366 1888 sibi
396 1851 573 1901 patriam,
604 1851 794 1900 coniuges,
829 1854 1018 1900 parentes,
1044 1851 1124 1888 illis
1142 1850 1265 1887 avari-

13 1918 23 1931 ·
81 1914 179 1951 tiam
203 1918 245 1951 et
269 1914 466 1952 luxuriam
492 1928 642 1952 wimsas
674 1916 766 1952 belli
798 1928 887 1952 esse.
946 1915 1188 1960 Recessuros,
1218 1919 1266 1950 ut

82 1979 197 2017 divus
242 1979 370 2017 Iulius
412 1981 637 2024 recessisset,
683 1981 797 2017 modo
841 1981 1029 2017 virtutem
1073 1979 1265 2016 maiorum

81 2057 242 2082 suorum
259 2045 553 2083 aemularentur.
597 2045 709 2082 Neve
727 2045 864 2095 proelii
883 2045 1000 2081 unius
1018 2046 1086 2080 aut
1105 2043 1266 2080 alterius

83 2111 228 2146 eventu
265 2113 510 2159 pavescerent
517 2123 528 2158 ;
582 2110 670 2159 plus
722 2111 902 2159 impetus,
951 2109 1135 2146 maiorem
1181 2120 1276 2163 con-b

85 2171 270 2208 stantiam
286 2184 404 2222 penes
420 2173 578 2210 miseros
596 2186 685 2211 esse.
742 2173 828 2210 Iam
848 2173 1124 2210 Britannorum
1149 2171 1264 2209 etiam

86 2235 177 2273 deos
206 2235 389 2283 misereri,
427 2237 495 2287 qui
531 2237 752 2275 Romanum
788 2237 926 2277 ducem
957 2238 1166 2280 absentem,
1198 2237 1267 2285 qui

1287 1663 1335 1694 ,μ
