1404 2346
176 84 196 120 3
510 82 775 121 CORNELII
809 84 994 124 TAOITI

174 170 214 204 in
242 169 461 205 universum
490 150 692 217 famasgsffj
705 136 1082 224 transgressa-²5(Sed)
1097 173 1326 214 immensum

173 236 211 268 et
236 245 388 268 enorme
414 232 580 281 spatium
604 234 908 281 procurrentium
926 238 1096 273 extremo
1114 238 1191 275 iam
1217 239 1328 278 litore

174 300 358 331 terrarum
392 295 501 331 velut
534 295 577 330 in
613 307 775 332 cuneum
813 300 1006 336 tenuatur.
1073 299 1188 337 Hanc
1223 315 1325 340 oram

173 357 366 394 novissimi
390 358 504 393 maris
527 361 620 394 tunc
644 358 810 406 primum
829 359 1003 397 Romana
1027 361 1152 400 classis
1170 364 1326 400 circum-

173 424 278 460 vecta
308 419 471 455 insulam
501 431 580 455 esse
611 419 851 458 Britanniam
887 423 1099 470 affirmavit,
1134 438 1178 462 ac
1213 427 1325 464 simul

171 482 379 530 incognitas
396 482 444 518 ad
467 482 507 518 id
530 487 680 531 tempus
703 483 857 531 insulas,
878 498 972 534 quas
992 486 1157 525 Orcadas
1174 496 1323 536 vocant,

170 545 318 580 invenit
335 544 566 593 domuitque.
622 545 801 594 Dispecta
825 551 883 584 est
911 551 950 584 et
977 548 1110 595 Thule,
1132 551 1221 599 quia
1243 551 1325 588 hac-

171 611 280 643 tenus
298 608 453 653 iussum,
474 613 513 644 et
536 608 656 644 hiems
683 609 896 657 appetebat.
952 610 1027 648 Sed
1048 624 1151 648 mare
1179 613 1325 661 pigrum

170 676 208 707 et
237 683 352 720 grave
382 672 656 720 remigantibus
669 685 680 719 3
709 673 911 721 perhibent
943 687 993 711 ne
1018 676 1144 712 ventis
1171 678 1325 726 quidem

171 733 326 784 proinde
345 734 470 770 attolli
484 748 494 780 3
518 735 638 780 cred0,
655 735 755 783 quod
773 736 931 772 rariores
949 740 1073 774 terrae
1092 743 1323 789 montesque,

169 810 296 834 caussa
330 811 373 834 ac
402 799 560 835 materia
589 803 872 848 tempestatum,
911 805 949 838 et
984 803 1171 850 profunda
1206 804 1325 840 moles

166 861 338 897 continui
368 862 483 898 maris
506 862 653 899 tardius
684 863 903 911 impellitur.
960 865 1151 902 Naturam
1184 866 1324 904 Oceani

166 929 281 973 atque
298 929 424 961 aestus
442 938 564 974 neque
582 939 761 974 quaerere
782 927 896 964 huius
920 929 1041 977 operis
1061 933 1128 975 est,
1149 942 1191 965 ac
1209 931 1324 967 multi

167 988 356 1027 rettulere.
400 988 535 1026 Unum
557 989 777 1036 addiderim,
798 1002 985 1039 nusquam
1004 991 1119 1029 latius
1136 993 1323 1032 dominari

166 1064 281 1100 mare,
310 1053 477 1089 multum
509 1053 710 1090 fluminum
741 1054 815 1090 huc
847 1062 962 1103 atque
997 1055 1087 1092 illuc
1118 1056 1226 1099 ferre,
1253 1070 1322 1094 nec

166 1113 276 1151 litore
316 1119 429 1151 tenus
469 1128 675 1152 accrescere
714 1121 782 1153 aut
822 1118 1016 1163 resorberi,
1057 1118 1138 1158 sed„L
1163 1119 1322 1156 influere

168 1178 316 1224 penitus
329 1182 444 1227 atque
462 1179 615 1224 ambire,
633 1183 671 1215 et
690 1180 787 1228 iugis
802 1180 916 1216 etiam
935 1193 977 1216 ac
995 1181 1188 1218 montibus
1205 1181 1322 1219 inseri

163 1238 270 1274 velut
288 1239 331 1275 in
349 1252 425 1276 suo.

240 1301 316 1338 XI.
373 1302 550 1338 Ceterum
597 1303 835 1340 Britanniam
876 1305 948 1354 'qui
992 1307 1170 1343 mortales
1209 1307 1336 1353 initio¹

163 1363 359 1406 coluerint,
394 1364 593 1412 indigenae
628 1378 677 1401 an
713 1366 871 1412 advecti,
910 1370 954 1403 ut
988 1367 1093 1404 inter
1128 1369 1319 1416 barbaros,

162 1439 295 1475 parum
327 1431 572 1475 compertum.
639 1427 811 1464 Habitus
844 1441 1042 1478 corporum
1069 1431 1176 1476 varii,
1206 1436 1320 1481 atque

162 1502 210 1525 ex
235 1501 278 1526 eo
296 1493 527 1538 argumenta..
583 1490 761 1538 Namque
782 1492 921 1528 rutilae
950 1492 1192 1530 Caledoniam
1215 1494 1319 1531 habi-

163 1552 328 1588 tantium
363 1565 501 1598 comae,
539 1553 668 1600 magni
697 1557 803 1589 artus
835 1554 1098 1591 Germanicam
1133 1556 1318 1604 originem

161 1617 386 1650 asseverant.
443 1613 612 1650 Silurum
636 1614 792 1650 colorati
816 1615 958 1665 vultus,
981 1617 1075 1660 torti
1085 1605 1317 1667 ‘plerumque

161 1677 292 1723 crines,
313 1680 352 1713 et
369 1677 499 1726 posita
513 1680 644 1713 contra
670 1670 860 1726 Hispania
884 1679 1015 1716 Iberos
1036 1684 1183 1717 veteres
1206 1683 1317 1719 traie-

161 1739 255 1775 cisse
283 1751 421 1788 easque
447 1738 552 1775 sedes
577 1751 773 1788 occupasse
797 1740 910 1776 fidem
933 1741 1089 1791 faciunt·
1142 1742 1316 1781 Proximi

161 1800 283 1838 Gallis
310 1805 350 1838 et
380 1801 521 1838 similes
556 1804 656 1847 sunt,
695 1814 761 1838 seu
797 1802 958 1839 durante
986 1803 1141 1852 originis
1167 1805 1216 1852 vi,
1250 1819 1315 1844 seu

159 1864 466 1912 procurrentibus
483 1862 525 1899 in
543 1863 690 1899 diversa
707 1864 821 1900 terris
836 1865 974 1913 positio
989 1866 1082 1902 coeli
1097 1869 1316 1917 corporibus

159 1925 335 1962 habitum
350 1925 465 1962 dedit.
509 1925 555 1961 In
574 1926 794 1962 universum
812 1930 942 1964 tamen
955 1928 1173 1966 aestimanti
1187 1930 1315 1967 Gallos

129 1988 324 2024 ,micinam
341 1987 505 2024 insulam
523 2000 721 2036 occupasse
740 1989 917 2026 credibile
936 1994 1002 2028 est.
1041 1982 1194 2029 'Eorum
1209 2005 1315 2034 sacra

133 2027 424 2099 ffideprehendas³
442 2050 755 2099 superstitionum
768 2053 1025 2100 persuasiones
1037 2066 1048 2100 3
1078 2067 1198 2091 sermo
1212 2055 1311 2093 haud

143 2113 324 2150 ²multum
364 2113 534 2150 diversus
550 2126 562 2160 3
607 2113 650 2150 in
685 2113 927 2162 deposcendis
967 2116 1144 2163 periculis
1183 2117 1314 2155 ead-em
1336 2157 1338 2159 ,

156 2176 325 2219 audacia,
348 2179 399 2222 et,
423 2176 490 2213 ubi
516 2175 713 2222 advenere,
737 2176 783 2213 in
808 2177 1063 2216 detrectandis
1090 2180 1219 2218 eadem
1240 2180 1314 2218 for·
