1390 2424
188 151 238 188 24
525 149 791 188 CORNELII
824 148 889 187 TA
896 149 954 188 CI
954 149 1015 187 TI

187 235 428 272 Britanniam
449 234 603 272 vicistis.
660 234 734 270 Tot
758 234 1070 283 expeditionibus,
1099 237 1157 271 tot
1185 234 1348 283 proeliis,

186 312 253 336 seu
270 298 496 335 fortitudine
514 297 694 333 adversus
715 297 841 334 hostes
862 310 929 334 seu
952 297 1135 346 patientia
1157 310 1200 334 ac
1223 297 1350 335 labore

187 374 306 410 paene
324 362 504 397 adversus
522 360 643 408 ipsam
660 372 787 396 rerum
807 364 985 396 naturam
1003 372 1097 409 opus
1117 360 1202 407 fuit,
1227 373 1351 410 neque

186 439 247 462 me
264 425 433 461 militum
454 435 578 471 neque
599 435 667 459 vos
689 423 794 459 ducis
817 423 1016 472 poenituit.
1073 423 1175 471 Ergo
1202 424 1348 472 egressi,

187 503 255 538 ego
281 492 455 524 veterum
480 486 701 534 legatorum,
729 498 796 522 vos
821 486 991 535 priorum
1016 486 1253 522 exercituum
1278 489 1351 522 ter-

187 553 319 596 minos,
352 550 468 585 finem
497 547 720 584 Britanniae
755 561 833 584 non
860 549 961 584 fama
990 560 1060 584 nec
1094 560 1254 595 rumore,
1287 549 1351 586 sed

188 617 319 654 castris
343 618 383 652 et
403 613 518 651 armis
541 615 724 650 tenemus.
780 613 946 650 Inventa
973 612 1175 649 Britannia
1201 616 1240 649 et
1266 613 1351 649 sub-

188 684 281 716 acta.
338 678 528 729 Equidem
559 691 669 727 saepe
697 678 739 714 in
769 676 927 725 agmine,
958 689 1075 725 quum
1102 689 1170 713 vos
1196 676 1352 725 paludes

188 747 384 780 montesve
420 747 459 780 et
493 743 652 780 flumina
686 741 900 788 fatigarent,
938 739 1135 776 fortissimi
1170 739 1352 789 cuiusque

188 818 298 842 voces
315 806 537 843 audiebam:
564 804 715 855 quando
734 802 887 839 dabitur
908 802 1037 847 hostis,
1057 802 1208 851 quando
1229 792 1359 840 acies?

188 868 378 915 Veniunt,
401 882 422 906 e
448 869 604 906 latebris
630 867 708 903 suis
735 865 892 912 extrusi,
919 869 959 902 et
980 868 1070 901 vota
1091 866 1288 915 virtusque
1310 865 1353 902 in

189 936 329 981 aperto,
349 933 551 982 omniaque
568 944 689 982 prona
708 929 927 972 victoribus,
950 932 1065 978 atque
1086 929 1218 965 eadem
1241 928 1354 965 victis

189 995 355 1031 adversa.
411 995 515 1031 Nam
545 998 591 1031 ut
626 1005 819 1042 superasse
853 995 1006 1027 tantum
1042 991 1200 1037 itineris,
1240 990 1353 1027 silvas

190 1057 360 1103 evasisse,
392 1057 570 1093 transisse
594 1055 783 1092 aestuaria
809 1054 1010 1104 pulchrum
1041 1066 1084 1090 ac
1108 1053 1284 1090 decorum
1312 1054 1354 1090 in

122 1132 130 1137 ³
143 1119 366 1166 *J-‘frontemj
398 1120 455 1156 ita
485 1119 720 1167 fugientibus
751 1117 1076 1167 periculosissima,
1109 1129 1207 1166 quae
1241 1116 1355 1153 hodie

103 1186 107 1189 ’
188 1173 442 1230 prosperrima
473 1186 572 1218 sunt.
629 1181 766 1229 Neque
801 1181 904 1217 enim
938 1180 1048 1216 nobis
1083 1183 1151 1228 aut
1186 1179 1354 1216 locorum

191 1244 321 1280 eadem
356 1245 493 1282 notitia
527 1248 596 1281 aut
630 1248 909 1281 commeatuum
944 1244 1076 1280 eadem
1110 1243 1352 1290 abundantia,

191 1307 257 1342 sed
286 1319 421 1344 manus
453 1310 492 1344 et
520 1319 634 1353 arma,
668 1310 707 1343 et
733 1307 775 1343 in
801 1306 861 1342 his
888 1305 1023 1342 omnia.
1081 1305 1192 1349 Quod
1218 1305 1266 1341 ad
1294 1317 1355 1341 me

191 1370 342 1415 attinet,
362 1370 439 1406 iam
456 1369 605 1419 pridem
622 1369 718 1405 mihi
735 1369 928 1405 decretum
947 1372 1005 1404 est
1022 1380 1146 1416 neque
1167 1367 1355 1404 exercitus

191 1446 314 1482 neque
332 1434 439 1471 ducis
455 1438 563 1483 terga
579 1437 666 1470 tuta
683 1445 771 1470 esse.
826 1431 993 1468 Proinde
1016 1434 1055 1467 et
1075 1431 1234 1467 honesta
1255 1442 1356 1466 mors

191 1497 298 1545 turpi
318 1497 400 1533 vita
420 1497 556 1546 potior,
580 1499 619 1532 et
639 1494 882 1532 incolumitas
908 1506 951 1530 ac
978 1493 1092 1530 decus
1117 1492 1248 1529 eodem
1274 1491 1356 1528 loco

192 1559 267 1594 sita
301 1562 392 1595 sunt
399 1572 410 1606 3
440 1571 510 1595 nec
540 1558 746 1606 inglorium
775 1557 892 1594 fuerit
917 1556 960 1592 in
984 1556 1067 1605 ipso
1096 1559 1286 1592 terrarum
1312 1567 1356 1593 ac

192 1624 351 1657 naturae
369 1621 443 1657 fine
462 1621 647 1659 cecidisse.

269 1681 473 1721 XXXIV.
529 1682 571 1719 Si
587 1695 709 1719 novae
725 1685 857 1731 gentes
874 1685 989 1730 atque
1006 1681 1137 1730 ignota
1154 1680 1252 1718 acies
1270 1694 1356 1718 con-

193 1745 362 1789 stitisset,
395 1745 556 1781 aliorum
584 1744 822 1781 exercituum
852 1744 1036 1793 exemplis
1066 1755 1134 1780 vos
1160 1743 1353 1791 hortarer3

193 1819 295 1843 nunc
308 1811 436 1843 vestra
449 1808 582 1844 decora
594 1811 794 1852 recensete,
809 1810 955 1843 vestros
968 1806 1094 1843 oculos
1108 1806 1351 1854 interrogate.

195 1869 254 1905 Hi
288 1873 390 1915 sunt,
423 1882 517 1918 quos
547 1870 723 1919 proximo
757 1881 858 1906 anno
885 1881 1003 1905 unam
1033 1868 1221 1917 legionem
1251 1868 1356 1905 furto

193 1932 316 1969 noctis
351 1945 541 1981 aggressos
579 1932 741 1969 clamore
780 1932 1016 1979 debellastis3
1060 1931 1103 1968 hi
1144 1936 1356 1969 ceterorum

195 1995 470 2032 Britannorum
486 1996 725 2045 fugacissimi,
748 1995 908 2044 ideoque
930 1998 1011 2032 tam
1033 1994 1100 2031 diu
1121 1994 1351 2043 superstites.

196 2058 393 2102 Quomodo
421 2058 534 2095 silvas
565 2058 758 2108 saltusque
787 2058 1078 2108 penetrantibus
1106 2057 1355 2094 fortissimum

195 2122 371 2170 quodque
394 2121 536 2158 animal
557 2124 689 2158 contra
710 2121 1024 2170 ruere,—pavida
1045 2124 1085 2158 et
1110 2119 1250 2157 inertia
1274 2119 1356 2168 ipso

195 2185 358 2232 agminis
394 2197 485 2221 sono
521 2184 841 2234 pelluntur,—sic
875 2183 1049 2221 acerrimi
1083 2183 1356 2220 Britannorum

195 2247 271 2283 iam
282 2247 431 2296 pridem
449 2246 677 2294 ceciderunt,
689 2246 860 2298 reliquus
872 2250 929 2285 est
939 2258 1120 2284 numerus
1131 2246 1357 2298 ignayprum
1378 2278 1390 2281 s
