1404 2346
190 123 238 158 ‘20
527 118 793 159 CORNELII
831 119 891 156 TA
899 118 954 157 CI
955 118 1015 155 TI

188 220 273 243 cum
292 206 483 255 plerisque
508 205 785 242 Britannorum
810 217 878 241 sua
904 205 1182 241 defensantium
1205 204 1347 253 proelio

189 269 388 318 congressi,
417 281 460 304 ac
497 280 605 317 saepe
635 268 806 313 victores,
840 267 1044 316 aliquando
1077 267 1188 315 pulsi,
1221 255 1264 303 e⁴o
1280 267 1348 314 (gad

189 320 588 386 extremumjino'piae
623 342 771 376 venere,
803 333 849 366 ut
879 330 1152 366 infirmissimos
1180 343 1404 401 suolesnhvfl

188 407 279 430 mox
297 397 397 430 sorte
415 393 548 429 ductos
574 397 823 430 vescerentur.
880 393 1014 442 Atque
1031 393 1087 429 ita
1107 393 1345 429 circumvecta

189 457 441 502 Britanniam,
475 457 621 492 amissis
656 468 724 504 per
758 456 948 494 inscitiam
985 456 1139 504 regendi
1174 457 1344 502 navibus,

188 534 256 570 pro
280 520 533 569 praedonibus
561 519 692 566 habiti,
713 520 878 568 primum
898 533 920 556 a
939 520 1084 566 Suavis,
1105 533 1194 557 mox
1219 533 1243 556 a
1267 520 1347 556 Fri·

188 584 253 620 siis
281 583 483 632 intercepti
509 587 608 619 sunt.
664 583 726 619 Ac
756 582 870 628 fuere,
901 595 994 631 quos
1027 595 1096 631 per
1126 582 1348 619 commercia

188 647 426 683 venundatos
462 650 502 682 et
535 646 578 682 in
613 651 782 682 nostram
818 659 938 694 usque
977 647 1099 694 ripam
1137 645 1348 683 mutatione

188 709 398 745 ementium
416 708 597 744 adductos
615 708 798 744 indicium
815 708 917 744 tanti
935 720 1042 744 casus
1060 698 1300 745 illustravit?

266 769 427 806 XXIX.
475 769 596 806 Initio
615 770 769 806 aestatis
785 770 963 818 Agricola
978 770 1179 806 domestico
1193 770 1349 806 vulnere

188 833 295 869 ictus.
351 833 469 868 Anno
492 836 582 868 ante
606 837 742 868 natum
762 833 883 868 filium
906 833 1060 880 amisit3
1089 845 1203 882 quem
1222 845 1349 869 casum

189 907 321 944 neque,
341 899 386 931 ut
414 895 584 944 plerique
609 895 766 931 fortium
785 896 963 941 virorum,
990 895 1196 940 ambitiose,
1226 907 1349 944 neque

188 971 256 1007 per
273 958 441 994 lamenta
458 971 588 994 rursus
606 971 649 995 ac
667 971 874 995 maerorem
893 959 1129 995 muliebriter
1147 958 1247 996 tulit.
1298 958 1349 995 Et

189 1022 230 1057 in
248 1021 355 1058 luctu
373 1021 516 1057 bellum
535 1022 636 1058 inter
660 1022 827 1058 remedia
849 1027 939 1058 erat.
996 1022 1124 1070 Igitur
1145 1022 1348 1070 praemissa

189 1084 314 1130 classe,
336 1096 433 1132 quae
451 1084 625 1132 pluribus
642 1084 732 1120 locis
760 1084 940 1132 praedata
964 1096 1144 1132 magnum
1168 1087 1208 1120 et
1230 1083 1350 1120 incer-

189 1153 273 1183 tum
306 1151 487 1184 terrorem
517 1148 665 1193 faceret,
695 1148 872 1196 expedito
898 1148 1077 1194 exercitu,
1106 1148 1167 1184 cui
1193 1161 1241 1184 ex
1268 1147 1351 1184 Bri-

189 1210 317 1246 tannis
335 1210 556 1247 fortissimos
580 1213 620 1246 et
645 1210 758 1259 longa
783 1223 873 1259 pace
900 1211 1116 1259 exploratos
1142 1211 1348 1262 addiderat,¹

189 1273 237 1308 ad
264 1276 434 1309 montem
457 1272 681 1321 Grampium
703 1274 887 1321 pervenit,
913 1286 1027 1322 quem
1050 1273 1127 1309 iam
1153 1273 1274 1309 hostis
1295 1273 1349 1309 in-

190 1335 346 1371 sederat.
401 1334 504 1371 Nam
536 1335 726 1380 Britanni,
759 1335 858 1372 nihil
894 1336 1004 1372 fracti
1034 1349 1182 1385 pugnae
1213 1336 1349 1385 prioris

191 1403 342 1445 eventu,
365 1403 403 1436 et
429 1393 615 1435 ultionem
641 1402 710 1435 aut
741 1399 942 1435 servitium
969 1403 1239 1448 exspectantes,
1267 1403 1350 1435 tan-

190 1461 351 1509 demque
379 1461 482 1499 docti
510 1473 707 1497 commune
735 1455 944 1510 periculum
972 1460 1169 1497 concordia
1197 1460 1349 1509 propul-

190 1524 360 1569 sandum,
381 1524 635 1572 legationibus
654 1527 692 1559 et
713 1523 926 1560 foederibus
951 1523 1120 1559 omnium
1149 1523 1350 1559 civitatum

191 1586 291 1621 vires
320 1586 546 1622 exciverant.
604 1586 763 1635 Iamque
785 1598 898 1634 super
919 1586 1079 1634 triginta
1100 1585 1206 1621 milia
1231 1589 1350 1621 arma-

192 1654 318 1686 torum
336 1649 625 1697 aspiciebantur‚
643 1653 681 1685 et
699 1649 1017 1685 adhuc'affiuebat
1030 1648 1152 1683 omnis
1169 1647 1350 1683 iuventus

191 1719 230 1748 et
248 1712 386 1760 quibus
411 1711 525 1747 cruda
550 1724 593 1748 ac
616 1711 751 1747 viridis
775 1714 956 1756 senectus,
977 1710 1069 1746 clari
1095 1709 1195 1745 bello
1219 1712 1258 1745 et
1282 1721 1351 1746 sua

192 1775 352 1822 quisque
383 1774 517 1810 decora
547 1777 748 1822 gestantes,
779 1785 898 1821 quum
934 1773 1037 1808 inter
1072 1772 1200 1820 plures
1237 1772 1351 1808 duces

191 1837 337 1872 virtute
372 1841 411 1872 et
446 1849 583 1884 genere
617 1839 822 1884 praestans,
850 1835 1004 1872 nomine
1031 1834 1221 1882 Calgacus,
1250 1834 1351 1883 apud

193 1903 425 1936 contractam
443 1898 731 1935 multitudinem
749 1898 931 1947 proelium
951 1902 1168 1947 poscentem
1185 1897 1227 1933 in
1249 1896 1351 1933 hunc

193 1964 348 2000 modum
364 1964 513 2000 locutus
530 1963 652 1999 fertur
668 1976 676 1999 :

195 2059 466 2086 xxx—XXXII.
523 2046 659 2094 Speech
683 2046 731 2093 of
748 2045 934 2093 Galyacus
958 2051 992 2082 to
1027 2045 1085 2082 Ῐιίε
1115 2057 1235 2092 army.
1290 2043 1352 2081 He

246 2105 369 2141 clwells
393 2117 442 2141 οη
465 2103 520 2140 the
545 2116 709 2150 urqency
727 2102 775 2149 of
790 2102 848 2138 the
875 2102 992 2146 crisis,
1019 2114 1068 2137 on
1097 2101 1154 2137 the
1178 2099 1352 2148 hopeless-

245 2175 327 2198 nese
357 2161 405 2208 of
428 2173 550 2208 escape
565 2159 676 2207 from
711 2159 768 2195 tlte
799 2158 948 2194 Roman
973 2158 1049 2194 lust
1075 2157 1124 2205 of
1145 2156 1350 2202 dominiom

246 2231 294 2255 οη
327 2217 384 2254 the
413 2217 546 2254 almost
574 2215 715 2254 certain
737 2227 877 2252 success
901 2214 1019 2251 which.
1043 2213 1121 2251 will
1142 2213 1270 2251 attend
1296 2212 1353 2250 the
