1404 2346
90 587 201 628 Table
224 588 463 639 quaesaqes
486 588 532 627 in
554 588 675 626 which.
700 587 758 626 the
778 587 872 626 Teme
898 586 1028 637 oschis
1046 586 1209 624 Edition
1227 585 1277 636 os

262 657 321 696 the
340 658 519 707 Aqricola
536 657 669 706 dzffers
674 657 787 706 from
805 656 887 695 that
904 655 954 706 of
965 655 1094 694 Orelli.

338 841 479 874 Ouum.
902 840 939 872 C.
963 847 1036 871 ΛΝΒ
1060 839 1101 870 Β.

87 916 146 949 Ch.
172 916 239 949 IV.
284 917 462 948 Caesarum
743 915 891 948 Caesaris

281 973 376 1011 pater
390 970 427 1009 [J
429 969 503 1010 ulii]
738 972 830 1010 pater
845 969 908 1000 fuit

188 1023 229 1056 V.
281 1024 486 1055 exercitatior
743 1022 915 1054 excitatior

181 1078 227 1109 X.
280 1077 367 1109 unde
393 1081 427 1109 et
448 1077 605 1109 universis
627 1077 716 1108 sama.
744 1076 830 1108 unde
855 1079 888 1107 et
910 1075 945 1107 in
968 1075 1155 1107 universum
1181 1073 1269 1105 fama.

318 1135 369 1163 est·
382 1134 583 1172 transgressa.
785 1133 834 1161 est
849 1133 1052 1170 transgressa

284 1195 382 1226 quam
393 1185 420 1222 †
433 1184 589 1215 hactenus
598 1183 725 1225 jussum
746 1183 984 1225 quiahactenus
990 1182 1119 1223 jussum
1129 1183 1161 1212 et
1167 1180 1269 1211 hiems

319 1242 352 1270 et
374 1238 476 1270 hiems
497 1238 639 1270 abdebat
787 1237 963 1279 appetebat

174 1291 239 1323 XI.
283 1291 447 1323 habitasse
744 1302 918 1332 occupasse

286 1346 492 1386 persuasione
743 1345 963 1386 persuasiones

147 1397 254 1430 XIII.
280 1399 307 1436 †
324 1398 517 1430 auctoritate
532 1399 636 1440 operis
742 1403 856 1430 auctor
869 1398 978 1430 iterati
993 1399 1096 1438 operis

158 1450 239 1482 XV.
283 1461 399 1482 manus
743 1460 878 1482 manum

117 1504 260 1536 XVIII.
284 1505 325 1536 ad
340 1505 539 1537 occasionem
553 1507 722 1536 uterentur
743 1505 784 1536 ad
800 1506 1000 1538 occasionem
1015 1510 1222 1539 verterentur

138 1559 244 1591 XIX.
289 1559 411 1591 nescire
745 1559 846 1590 ascire

153 1612 238 1644 XX.
287 1615 382 1644 tanta
746 1616 780 1644 et
794 1616 889 1645 tanta

143 1665 245 1698 XXI.
285 1666 319 1698 in
334 1666 420 1698 bella.
747 1665 830 1697 bello

132 1718 260 1750 XXII.
289 1719 332 1751 ad
345 1719 451 1750 Taum
748 1718 790 1750 ad
805 1719 952 1751 Tanaum

288 1772 369 1804 nihil
383 1774 546 1813 superest3
561 1773 721 1803 secretum
742 1771 822 1803 nihil
848 1775 995 1813 superest
1017 1774 1186 1810 secretum,
1212 1774 1250 1802 ut

323 1829 357 1858 et
378 1826 543 1857 silentium
564 1826 633 1867 ejus
655 1836 720 1858 non
787 1826 952 1858 silentium
967 1826 1038 1868 ejus
1054 1837 1119 1858 non
1134 1826 1265 1857 timeres

325 1879 457 1911 timeres

3 1937 16 2015 ἱ
135 1933 254 1965 XXV.
290 1943 495 1974 oppugnasse
745 1943 935 1975 oppugnare

108 1985 267 2017 XXVII.
294 1979 448 2016 Britanni
470 1986 498 2024 †
520 1996 586 2016 non
602 1986 724 2017 virtute
747 1986 900 2017 Britanni
920 1996 986 2016 non
1006 1985 1128 2016 virtute
1149 1984 1204 2015 sed
1220 1995 1270 2015 oc·

0 2020 11 2083 ἕ
334 2037 392 2069 sed
413 2038 581 2070 occasione
602 2042 635 2070 et
657 2043 727 2070 arte
792 2039 921 2071 casione
936 2043 970 2070 et
981 2041 1051 2070 arte
1062 2037 1151 2069 ducis
1166 2037 1271 2068 elusos

9 2086 13 2092 ’
333 2091 424 2123 ducis
440 2092 503 2124 rati
791 2093 854 2124 rati

95 2143 273 2177 XXVIII.
292 2154 368 2176 mox
384 2144 427 2175 ad
442 2155 560 2186 aquam
577 2148 676 2186 atque
687 2148 726 2177 ut
757 2156 833 2177 mox
848 2145 891 2177 ad
912 2155 1033 2186 aquam
1057 2147 1156 2184 atque
1178 2143 1273 2174 utilia

333 2197 390 2229 illa
408 2198 513 2239 raptis
536 2209 645 2230 secum
668 2199 734 2241 ple·
799 2200 962 2241 rapientes
978 2210 1053 2230 cum
1069 2198 1229 2240 plerisque

334 2262 442 2294 nsque
