1404 2346
206 135 264 184 >22
555 132 821 172 CORNELII
855 133 919 187 TA
926 132 1041 172 ΜΤ]

214 219 449 268 polluuntur.
497 218 605 255 Bona
622 218 871 267 fortunaeque
889 218 931 254 in
944 219 1145 264 tributum,
1161 230 1250 266 ager
1262 220 1376 267 atque

215 296 338 319 annus
367 283 409 319 iu
444 283 690 327 frumentum,
728 294 883 331 corpora
917 283 999 330 ipsa
1027 293 1070 317 ac
1103 293 1239 317 manus
1271 281 1374 318 silvis

214 359 258 383 ac
276 346 478 395 paludibus
506 346 743 392 emuniendis
761 347 863 383 inter
886 347 1043 382 verbera
1063 358 1107 383 ac
1129 346 1376 383 contumelias

215 412 474 444 conteruntur.
530 408 635 444 Nata
653 408 831 445 servituti
854 409 1041 457 mancipia
1058 409 1173 446 semel
1195 413 1372 455 veneunt,

215 475 331 520 atque
352 471 456 507 ultro
481 484 503 507 a
522 471 687 507 dominis
714 471 872 507 aluntur
884 485 896 518 3
925 471 1128 508 Britannia
1151 472 1373 508 servitutem

215 546 323 569 suam
352 533 522 582 quotidie
559 533 663 578 emit,
702 533 873 582 quotidie
909 533 1037 582 pascit.
1105 533 1166 568 Ac
1201 533 1299 569 sicut
1334 532 1374 569 in

215 597 357 633 familia
377 596 658 633 recentissimus
672 597 832 645 quisque
847 608 1039 632 servorum
1057 595 1173 631 etiam
1187 582 1391 632 conservi?

215 643 381 696 ludib'rio
401 664 468 706 est,
490 660 542 696 sic
559 660 601 696 in
619 659 689 695 hoc
707 660 808 695 orbis
832 664 1020 695 terrarum
1037 663 1166 694 vetere
1189 657 1375 694 famulatu

214 724 307 760 novi
330 735 400 759 nos
424 727 464 759 et
484 723 579 758 viles
604 723 643 759 in
670 723 861 759 excidium
886 723 1062 771 petimur.
1119 721 1255 769 Neque
1274 721 1376 758 enim

214 799 307 823 arva
331 787 439 823 nobis
468 791 536 822 aut
561 786 716 823 metalla
739 791 807 822 aut
834 790 966 835 portus
991 789 1091 831 sunt,
1118 785 1256 833 quibus
1274 797 1377 821 exer·

215 850 343 886 cendis
374 861 618 886 reservemur.
675 849 815 885 Virtus
844 862 955 898 porro
979 861 1023 885 ac
1051 848 1189 884 ferocia
1215 847 1377 883 subiect-

215 925 325 948 orum
361 911 511 960 ingrat-a
546 911 847 961 imperantibus3
882 917 920 948 et
955 910 1216 959 longinquitas
1247 921 1289 946 ac
1325 921 1378 945 se-

215 979 359 1011 cretum
388 975 513 1024 ipsum
540 988 614 1024 quo
643 975 775 1022 tutius,
801 988 843 1011 eo
871 975 1090 1023 suspectius.
1146 973 1210 1010 Ita
1228 973 1378 1010 sublata

215 1051 280 1086 spe
304 1038 438 1074 veniae
466 1039 621 1074 tandem
651 1039 789 1075 sumite
810 1039 991 1083 animum,
1012 1043 1092 1073 tam
1114 1037 1253 1086 quibus
1276 1036 1377 1072 salus

147 1110 175 1142 7«
202 1100 330 1161 Quam
354 1102 493 1150 quibus
519 1101 639 1150 gloria
666 1101 857 1137 carissima
886 1105 951 1137 est.
1009 1100 1210 1148 Brigantes
1237 1099 1378 1135 femina

215 1164 310 1199 duce
347 1176 507 1200 exurere
546 1164 740 1209 coloniam,
780 1175 998 1212 expugnare
1039 1167 1171 1207 castra,
1209 1174 1262 1208 ac,
1303 1160 1378 1197 nisi

214 1226 375 1262 felicitas
393 1226 434 1261 in
452 1227 658 1262 socordiam
677 1225 863 1271 vertisset,
884 1236 1023 1260 exuere
1047 1223 1180 1272 iugum
1198 1227 1354 1271 potuere
1367 1234 1379 1268 3

214 1302 284 1326 nos
302 1290 444 1338 integri
463 1293 502 1326 et
519 1290 697 1326 indomiti
716 1293 755 1326 et
779 1289 995 1325 libertatem
1017 1299 1095 1322 non
1121 1287 1161 1322 in
1182 1285 1378 1335 poeniten-

215 1352 458 1407 tiam-,igturss
485 1353 608 1400 primo
633 1352 765 1387 statim
783 1362 983 1399 congressu
1003 1349 1258 1394 ostendamus,
1283 1359 1378 1396 quos

215 1416 288 1452 sibi
308 1415 512 1452 Caledonia
529 1416 630 1451 viros
648 1415 866 1467 seposuerit.

293 1478 480 1515 XXXII.
537 1479 606 1514 An
631 1456 991 1515 efflmsRomanis
1009 1476 1050 1512 in
1068 1475 1167 1512 bello
1191 1475 1377 1511 virtutem

215 1556 331 1592 quam
366 1543 409 1579 in
447 1556 537 1592 pace
580 1543 773 1579 lasciviam
812 1542 939 1578 adesse
979 1540 1158 1577 creditis?
1223 1538 1377 1574 Nostris

215 1606 275 1643 illi
293 1606 589 1642 dissensionibus
608 1619 650 1642 ac
674 1605 870 1642 discordiis
897 1605 989 1641 clari
1014 1603 1111 1639 vitia
1138 1602 1304 1638 hostium
1335 1602 1377 1636 in

214 1670 376 1719 gloriam
405 1670 594 1705 exercitus
623 1669 683 1705 sui
713 1672 872 1704 vertunt
885 1681 896 1714 3
926 1679 1038 1715 quem
1067 1669 1303 1701 contractum
1328 1676 1378 1700 ex

160 1773 162 1776 ,
181 1781 185 1786 .
215 1733 481 1769 diversissimis
507 1732 685 1781 gentibus
712 1736 758 1767 ut
782 1731 964 1767 secundae
989 1741 1048 1765 res
1072 1731 1216 1773 tenent,
1236 1727 1291 1763 ita
1313 1726 1376 1762 ad-

208 1808 345 1833 ›versae
373 1796 590 1842 dissolvent,
616 1796 691 1831 nisi
721 1795 850 1831 Gallos
878 1798 917 1830 et
946 1793 1154 1829 Germanos
1178 1794 1217 1827 et
1244 1789 1378 1839 (pudet

130 1879 139 1887 x
162 1863 167 1868 “
216 1859 336 1911 dictu)
352 1860 626 1897 Britannorum
640 1859 849 1908 plerosque,
864 1857 953 1893 licet
968 1853 1220 1891 dominationi
1233 1853 1377 1888 alienae

217 1924 437 1973 sanguinem
472 1923 720 1967 commodent,
754 1920 900 1957 diutius
935 1923 1063 1955 tamen
1099 1917 1227 1953 hostes
1262 1926 1378 1964 quam

217 2001 354 2034 servos,
376 1988 449 2024 fide
467 1992 505 2023 et
527 1988 666 2023 affectu
689 1985 811 2022 teneri
835 1983 990 2033 putatis,
1048 1982 1179 2018 Metus
1197 1992 1240 2016 ac
1256 1983 1380 2015 terror

217 2055 286 2094 est,
306 2050 457 2086 infirma
474 2049 601 2086 vincla
619 2049 700 2085 loco
718 2048 888 2084 caritatis
903 2059 913 2092 3
943 2058 1039 2094 quae
1066 2043 1134 2080 ubi
1161 2040 1376 2084 removeris,

217 2113 286 2161 qui
298 2114 433 2149 timere
452 2112 642 2158 desierint,
663 2111 784 2148 odisse
802 2109 998 2158 incipient.
1047 2107 1186 2144 Omnia
1199 2104 1380 2142 victoriae

217 2178 466 2213 incitamenta
496 2187 565 2224 pro
602 2174 711 2211 nobis
747 2181 864 2219 sunt3
902 2172 1030 2207 nullae
1066 2170 1258 2206 Romanos
1294 2179 1379 2203 con-

218 2241 325 2290 iuges
355 2239 577 2282 accendunt,
607 2237 706 2274 nulli
740 2239 916 2286 parentes
952 2235 1082 2284 fugam
1113 2229 1380 2281 exprobraturi
