1404 2418
398 99 668 140 AGRIOOLA
705 96 832 139 VIII.
871 98 948 137 IX.
1237 100 1260 137 ’ἵ

79 189 350 227 auctoritatem
384 192 455 226 aut
495 188 681 226 severitas
722 199 892 224 amorem
933 186 1136 223 deminuit.
1194 185 1263 223 In-

79 255 301 304 tegritatem
328 257 446 304 atque
474 252 752 290 abstinentiam
782 252 822 289 in
858 255 970 288 tanto
1001 251 1088 287 viro
1119 250 1262 287 referie
1283 235 1377 290 014-

78 319 223 357 iniuria
237 319 432 356 virtutum
450 318 579 357 fuerit.
637 317 702 355 Ne
719 318 862 355 famam
881 317 1048 367 quidem,
1069 316 1134 353 cui
1151 329 1262 365 saepe
1291 309 1404 346 χ

77 383 196 420 etiam
208 382 301 420 boni
319 382 534 432 indulgent,
549 381 782 419 ostentanda
795 381 945 418 virtute
963 384 1032 417 aut
1050 393 1120 430 per
1137 385 1261 417 artem

77 447 268 497 quaesivit
280 460 292 494 3
331 445 464 496 procul
493 446 543 482 ab
571 445 832 482 aemulatione
869 444 1054 481 adversus
1085 443 1259 492 collegaS,

75 511 209 561 procul
226 524 251 548 a
268 510 516 548 contentione
539 509 723 547 adversus
747 512 1026 559 procuratores,
1046 511 1086 545 et
1106 507 1280 558 vincere*
1345 541 1349 545 .

74 575 284 624 inglorium
319 578 359 612 et
393 574 510 627 attffiri
545 573 743 611 sordidum
778 573 1052 610 arbitrabatur.
1122 562 1300 608 Minus*
1330 581 1340 587 *
1353 569 1359 581 ²
1374 573 1384 584 ‘

74 639 287 675 triennium
311 638 354 675 in
378 650 424 675 ea
447 637 639 686 legatione
667 637 848 674 detentus
866 648 910 672 ac
932 636 1067 672 statim
1085 635 1134 672 ad
1152 647 1259 684 spem

65 701 294 739 consulatus
321 706 522 739 revocatus
553 704 625 747 est,
655 699 865 737 comitante
897 699 1078 749 opinione
1106 698 1260 736 Britan-

73 765 179 802 niam
197 765 233 802 ei
249 765 490 815 provinciam
503 765 600 812 dari,
617 764 737 801 nullis
755 764 799 800 in
815 764 888 800 hoc
907 763 986 800 suis
1005 762 1255 809 sermonibus,

72 829 139 867 sed
169 831 262 880 quia
293 843 364 880 par
391 831 610 868 videbatur.
666 829 789 867 Haud
822 842 972 878 semper
1004 832 1108 865 errat
1134 828 1235 865 fama
1247 843 1258 876 3

71 893 279 943 aliquando
297 898 337 931 et
355 894 480 944 elegit.
539 893 685 932 Consul
712 894 886 943 egregiae
917 897 1004 930 tum
1029 892 1110 942 spei
1137 892 1257 929 filiam
1285 934 1288 941 .

71 957 203 994 iuveni
224 957 322 994 mihi
349 958 563 1007 despondit,
584 970 628 995 ac
648 961 736 1008 post
761 957 1003 995 consulatum
1026 956 1229 993 collocavit
1244 971 1254 1003 3
1336 958 1339 963 '
1364 958 1367 961 ’

70 1024 111 1057 et
139 1022 274 1059 statim
302 1021 531 1059 Britanniae
556 1022 797 1071 praepositus
827 1026 895 1069 est,
926 1021 1076 1059 adiecto
1104 1023 1257 1073 pontifi-

70 1088 178 1123 catus
195 1086 416 1124 sacerdotio.

73 1265 234 1293 x.—xn.
289 1255 447 1294 Britain
457 1269 475 1302 ,·
503 1256 554 1294 its
577 1255 815 1302 boundaries,
836 1255 960 1304 shape,
988 1255 1255 1305 surrowndinq

121 1325 212 1360 scas,
241 1314 376 1362 oriqin,
404 1314 611 1360 character,
644 1320 805 1351 customs
837 1313 886 1361 qs
907 1314 958 1350 its
985 1313 1227 1351 inhabitants
1237 1329 1255 1359 ,-

121 1369 278 1416 climace,
292 1371 477 1420 products
495 1371 545 1419 of
555 1371 613 1408 the
631 1371 713 1408 soil.

148 1471 202 1510 X.
258 1472 484 1510 Britanniae
502 1473 622 1510 situm
646 1473 887 1523 populosque
910 1473 1044 1510 multis
1056 1458 1275 1526 scriptor&

68 1535 140 1572 bus
157 1540 387 1574 memoratos
404 1550 484 1574 non
502 1537 545 1574 in
569 1538 894 1586 comparationem
919 1549 1033 1574 curae
1056 1538 1253 1587 ingeniive

67 1599 240 1646 referam,
274 1600 341 1637 sed
370 1601 464 1651 quia
492 1605 580 1637 tum
610 1601 782 1650 primum
814 1601 1033 1651 perdomita
1062 1606 1145 1649 est3
1184 1603 1252 1647 ita,

66 1676 164 1713 quae
191 1664 336 1714 priores
361 1665 538 1716 nondum
565 1670 761 1714 comperta
779 1665 1001 1715 eloquentia
1019 1666 1250 1715 percoluere,

66 1741 195 1766 rerum
230 1730 307 1767 fide
345 1730 561 1768 tradentur.
629 1730 848 1777 Britannia,
893 1730 1120 1777 insularum,
1158 1744 1253 1781 quas

68 1791 244 1830 Romana
265 1794 408 1831 notitia
431 1795 711 1844 complectitur,
738 1796 919 1845 maxima,
943 1796 1068 1845 spatio
1086 1809 1130 1833 ac
1148 1797 1252 1834 coelo

66 1856 109 1892 in
133 1857 322 1895 orientem
350 1857 592 1903 Germaniae,
620 1858 664 1895 in
685 1859 923 1896 occidentem
947 1859 1165 1909 Hispaniae
1189 1860 1254 1897 ob-

67 1920 243 1958 tenditur
255 1934 268 1968 ;
297 1921 421 1959 Gallis
446 1922 489 1960 in
514 1923 716 1960 meridiem
741 1923 862 1969 etiam
887 1923 1104 1973 inspicitur.
1161 1923 1252 1973 Sep-

66 1984 317 2023 tentrionalia
351 1987 444 2031 eius,
482 1986 602 2024 nullis
642 1991 776 2025 contra
820 1988 945 2033 terris,
985 1992 1096 2023 vasto
1135 1991 1252 2036 atque

65 2051 201 2097 aperto
233 2049 332 2086 mari
365 2049 582 2099 pulsantur.
639 2050 821 2087 Formam
859 2051 981 2087 totius
1020 2050 1250 2087 Britanniae

66 2112 204 2150 Livius
229 2117 404 2151 veterum
433 2114 581 2152 Fabius
602 2115 790 2152 Rusticus
822 2116 1037 2153 recentium
1072 2114 1251 2163 eloquen-

23 2207 26 2211 .
66 2177 207 2214 tissimi
236 2180 410 2216 auctores
435 2178 622 2228 oblongae
657 2179 829 2217 scutulae
863 2178 927 2216 vel
962 2178 1123 2227 bipenni
1158 2179 1248 2215 assi-

67 2239 260 2280 milavere.
318 2240 370 2278 Et
393 2245 452 2279 est
476 2254 521 2279 ea
545 2241 659 2278 facies
685 2242 783 2278 citra
806 2241 1063 2289 Caledoniam,
1085 2241 1190 2279 unde
1209 2246 1249 2280 et
