1404 2346
199 89 247 126 18
539 90 806 130 CORNELII
840 91 958 131 PAO]
964 93 1025 130 TI

191 171 200 204 ῗ
249 189 404 225 prepare
421 176 580 213 however
597 182 632 213 to
645 190 765 214 renew
783 176 840 214 the
853 177 1008 225 conflict.
1047 177 1207 225 Stranqe
1224 177 1356 215 adven-

251 240 351 270 tures
369 232 417 280 qf
426 246 451 269 a
477 232 514 269 U
511 233 640 280 sipian
659 233 790 270 colzort.
835 234 866 269 A
871 234 1015 281 yricola
1032 234 1214 271 advances
1232 247 1275 271 as
1282 234 1358 281 sar

250 303 295 327 as
321 290 377 326 the
401 289 614 337 Grampian
631 289 859 335 mountains,
879 290 996 326 where
1018 289 1061 326 lte
1087 289 1122 326 is
1144 296 1216 327 ‘met
1235 290 1281 338 by
1299 290 1356 328 tlte

250 346 452 383 assembled
457 346 584 393 forces
601 344 650 392 of
660 345 717 382 tlte
736 344 985 383 Caledoniam
1002 346 1124 383 under
1143 345 1338 394 Galqacue.

278 424 414 463 XXV.
471 425 648 462 Ceterum
662 428 815 470 aestate,
831 437 907 474 qua
920 429 1072 461 sextum
1090 425 1200 461 officii
1214 438 1359 462 annum

199 490 412 535 inchoabat,
447 489 644 537 amplexus
672 488 847 525 civitates
874 493 981 524 trans
1004 487 1226 524 Bodotriam
1254 488 1357 534 sitas,

200 555 291 604 quia
325 558 452 590 motus
486 553 751 589 universarum
785 552 888 588 ultra
929 551 1101 600 gentium
1145 555 1184 588 et
1222 551 1360 588 infesta

200 618 349 654 hostilis
386 617 574 655 exercitus
608 616 747 652 itinera
788 615 1033 658 timebantur,
1078 618 1209 663 portus
1244 614 1359 651 classe

201 681 423 731 exploravit.
483 679 588 723 Quae
616 680 664 716 ab
694 678 876 727 Agricola
901 678 1068 727 primum
1096 681 1289 726 assumpta
1318 677 1359 714 in

201 749 350 794 partem
367 743 508 780 virium
530 743 758 791 sequebatur
781 742 930 790 egregia
955 741 1086 790 specie,
1111 755 1230 790 quum
1248 741 1361 778 simul

202 814 304 844 terra
325 806 439 843 simul
462 806 559 842 mari
580 805 724 841 bellum
750 804 1017 853 impelleretur,
1037 817 1081 841 ac
1099 816 1208 852 saepe
1225 803 1376 840 iisdem'

202 870 334 906 castris
358 868 470 917 pedes
488 879 676 916 equesque
695 870 734 903 et
751 866 926 903 nauticus
944 866 1051 902 miles
1068 866 1173 902 misti
1190 865 1305 915 copiis
1322 869 1361 902 et

203 932 350 970 laetitia
372 944 441 968 sua
468 930 627 979 quisque
658 930 767 972 facta,
796 942 882 966 suos
917 942 1022 966 casus
1056 930 1286 975 attollerent,
1318 942 1362 966 ac

203 994 316 1031 modo
342 993 524 1030 silvarum
550 1005 594 1028 ac
620 992 809 1028 montium
843 991 1038 1040 profunda,
1067 992 1178 1028 modo
1205 996 1364 1040 tempes-

203 1064 329 1096 tatum
354 1071 396 1095 ac
419 1059 606 1095 fluctuum
631 1057 798 1102 adversa,
826 1056 916 1093 hinc
940 1060 1109 1110 '‘QIIERQ
1127 1057 1255 1104 hostis,
1275 1056 1364 1093 hinc

203 1123 330 1159 victus
357 1133 515 1158 oceanus
534 1120 692 1156 militari
709 1119 891 1156 iactantia
908 1107 1225 1168 compararentur.
1282 1119 1365 1155 Bri-

205 1192 343 1221 tannos
370 1195 531 1232 quoque,
558 1187 605 1219 ut
629 1195 677 1218 ex
701 1182 860 1230 captivis
886 1181 1119 1227 audiebatur,
1139 1182 1220 1218 visa
1238 1181 1365 1218 classis

205 1246 536 1295 obstupefaciebat‚
573 1249 770 1292 tamquam
805 1248 935 1293 aperto
970 1244 1086 1280 maris
1124 1244 1184 1280 sui
1222 1246 1364 1280 secreto

205 1312 243 1348 u]
251 1311 387 1347 timum
405 1309 517 1345 victis
543 1308 758 1356 perfugium
783 1307 1029 1343 clauderetur.
1085 1306 1151 1342 Ad
1172 1318 1306 1342 manus
1324 1311 1363 1342 et

206 1386 312 1410 arma
345 1371 518 1409 conversi
551 1370 795 1406 Caledoniam
826 1369 1032 1405 incolentes
1066 1368 1197 1417 populi
1228 1371 1365 1416 paratu

207 1448 354 1484 magn0‚
375 1434 516 1470 maiore
534 1433 641 1478 fama,
663 1432 726 1468 uti
741 1444 821 1468 mos
839 1435 896 1468 est
914 1431 961 1467 de
978 1431 1127 1479 ignotis,
1148 1442 1364 1479 oppugnare

209 1500 309 1538 ultro
327 1498 524 1535 castellum
550 1497 684 1542 adorti,
707 1500 853 1532 metum
877 1500 924 1532 ut
946 1499 1192 1543 provocantes
1213 1494 1365 1530 addide-

206 1565 295 1598 rant
306 1575 316 1608 3
334 1559 696 1609 regrediendumque
707 1559 802 1594 citra
813 1558 1042 1603 Bodotriam,
1058 1560 1097 1592 et
1108 1555 1366 1592 excedendum

207 1625 334 1673 potius
369 1635 484 1672 quam
519 1621 761 1670 pellerentur,
796 1620 926 1668 ignavi
962 1619 1083 1667 specie
1118 1618 1365 1667 prudentium

206 1685 470 1729 admonebant,
499 1697 618 1732 quum
643 1682 799 1719 interim
826 1680 1015 1730 cognoscit
1041 1680 1167 1716 hostes
1192 1679 1365 1728 pluribus

207 1749 421 1798 agminibus
448 1748 672 1795 irrupturos,
728 1745 789 1781 Ac
820 1756 870 1780 ne
897 1747 1097 1791 superante
1132 1754 1291 1779 numero
1325 1746 1365 1779 et

207 1811 345 1860 peritia
373 1810 542 1846 locorum
577 1807 848 1852 circumiretur,
883 1806 1004 1842 diviso
1033 1810 1072 1841 et
1099 1805 1179 1854 ipse
1211 1805 1253 1842 in
1287 1808 1366 1849 tres

208 1877 334 1923 partes
351 1871 523 1908 exercitu
541 1869 703 1906 incessit.

286 1934 446 1972 XXVI.
496 1933 606 1977 Quod
622 1932 691 1968 ubi
709 1931 904 1980 cognitum
921 1930 1033 1976 hosti,
1050 1933 1197 1966 mutato
1211 1933 1365 1978 repente

208 1999 363 2036 consilio
388 1996 558 2034 universi
584 2008 724 2032 nonam
753 1995 950 2042 legionem,
976 1997 1022 2030 ut
1045 1994 1211 2030 maxime
1232 1993 1365 2030 invali-

208 2062 308 2106 dam,
336 2064 446 2097 nocte
472 2057 646 2107 aggressi,
670 2057 773 2093 inter
798 2069 973 2093 somnum
996 2069 1038 2092 ac
1063 2056 1362 2104 trepidationem,

209 2125 324 2161 caesis
358 2123 548 2172 vigilibus,
585 2121 766 2169 irrupere.
834 2119 993 2168 Iamque
1028 2119 1070 2155 in
1109 2118 1201 2167 ipsis
1235 2118 1366 2154 castris

208 2187 461 2238 pugnabatur,
504 2197 623 2235 quum
665 2182 857 2232 Agricola,
896 2182 970 2219 iter
1009 2182 1177 2218 hostium
1216 2181 1264 2217 ab
1304 2192 1363 2216 ex-
