1384 2378
0 333 4 449 Ι

337 71 610 112 AGRIGOLA
651 71 950 111 XL—XLVI.
1189 74 1250 114 31·

56 158 282 204 leniebatur,
319 158 412 207 quia
446 170 525 195 non
552 158 793 196 contumacia
823 171 950 208 neque
981 157 1090 195 inani
1120 159 1236 197 iacta-

57 220 162 257 tione
184 219 374 256 libertatis
399 219 542 256 famam
568 219 770 272 fatumque
791 219 1035 271 provocabat.
1093 219 1236 268 Sciant,

56 283 196 333 quibus
213 283 330 319 moris
348 286 407 319 est
423 282 560 319 illicita
578 282 722 329 mirari,
744 295 853 332 posse
882 283 1001 320 etiam
1027 283 1099 321 sub
1126 285 1258 327 malis,

55 347 291 398 principibus
317 359 475 396 magnos
498 347 602 383 viros
629 359 720 392 esse,
755 347 1058 397 obsequiumque
1089 361 1134 386 ac
1157 361 1238 386 mo-

55 410 228 455 destiam,
255 413 289 447 si
324 410 517 447 industria
548 423 592 447 ac
616 410 728 459 vigor
756 411 890 456 assint,
930 423 974 447 eo
1009 410 1135 448 laudis
1172 425 1238 450 ex-

54 476 196 524 cedere,
226 489 303 526 quo
330 475 504 526 plerique
535 488 604 525 per
634 475 814 524 abrupta,
840 475 907 513 sed
933 475 976 512 in
999 477 1154 515 nullum
1180 477 1238 534 rei

10 507 47 588 n
51 542 228 592 publicae
254 555 378 588 usum,
408 540 610 597 ambitiosa
636 544 761 577 morte
788 540 1064 579 inclaruerunt.
1085 556 1102 574 a
1118 561 1135 575 -v

131 605 294 643 XLIII.
349 605 459 642 Finis
485 605 590 641 vitae
617 605 699 641 eius
728 604 838 641 nobis
867 604 1076 649 luctuosus,
1103 605 1237 643 amicis

53 669 186 717 tristis,
206 670 399 717 extraneis
422 669 540 706 etiam
566 669 785 718 ignotisque
811 681 887 705 non
918 669 1000 705 sine
1029 681 1121 706 cura
1146 670 1275 708 fuit-0·

53 733 210 783 Vulgus
222 746 373 784 quoque
392 737 431 770 et
449 733 513 770 hic
531 732 639 783 aliud
665 745 781 782 agens
808 732 975 781 populus
1003 736 1043 769 et
1069 733 1236 770 ventita-
1275 755 1278 757 -

53 811 144 836 vere
171 797 221 835 ad
256 798 411 835 domum
443 802 483 834 et
514 810 585 846 per
618 797 701 833 fora
727 800 768 833 et
795 796 956 833 circulos
982 796 1103 834 locuti
1129 803 1234 846 sunt,-

53 875 125 900 nec
150 862 351 914 quisquam
369 861 502 898 audita
525 863 649 897 morte
667 859 873 909 Agricolae
891 864 962 897 aut
978 860 1144 898 laetatus
1162 867 1232 908 est,

53 931 124 964 aut
153 927 284 964 statim
319 926 472 964 oblitus.
542 925 596 962 Et
630 925 797 973 augebat
827 924 1115 974 miserationem
1147 938 1235 973 cqu—

52 996 158 1038 stans
186 1003 317 1028 rumor
339 1002 488 1028 veneno
514 989 783 1038 interceptum.
854 988 980 1026 Nobis
1006 989 1108 1027 nihil
1135 1003 1235 1027 com·

51 1055 153 1105 perti
182 1055 369 1092 affirmare
397 1055 531 1093 ausim.
595 1054 777 1092 Ceterum
805 1067 875 1104 per
903 1067 1058 1091 omnem
1084 1055 1235 1094 valetu-

53 1118 183 1156 dinem
213 1119 306 1165 eius,
334 1119 503 1156 crebrius
532 1132 648 1168 quam
676 1131 725 1155 ex
757 1131 862 1155 more
893 1119 1134 1168 principatus
1164 1133 1235 1169 per

53 1183 210 1221 nuntios
239 1183 409 1229 visentis,
441 1187 481 1220 et
511 1183 740 1220 libertorum
776 1184 893 1233 primi
924 1189 964 1221 et
996 1185 1234 1223 medicorum

54 1247 184 1285 intimi
224 1261 366 1294 venere,
404 1249 484 1285 sive
521 1262 612 1286 cura
647 1248 745 1285 illud
781 1249 862 1286 sive
897 1249 1101 1299 inquisitio
1137 1254 1230 1288 erat.

55 1311 241 1362 Supremo
276 1312 431 1362 quidem
467 1312 529 1349 die
564 1317 762 1349 momenta
781 1313 908 1367 ipsa
911 1313 1211 1364 deficsseffl-Pe
1351 1324 1354 1325 ’
1379 1317 1381 1319 ’

591 1357 724 1371 ...ἡῑΜγ

53 1375 257 1425 dispositos
286 1387 457 1412 cursores
478 1376 659 1412 nuntiata
682 1361 895 1422 constabat,
921 1376 1029 1413 nullo
1054 1377 1210 1415 credent

13 1434 106 1495 fsic
136 1439 347 1485 accelerari,
377 1452 475 1489 quae
503 1440 628 1476 tristis
664 1440 826 1477 audiret.
893 1439 1069 1490 Speciem
1099 1445 1232 1484 tamen

51 1502 192 1540 doloris
211 1503 342 1539 animo
359 1503 549 1552 vultuque
567 1516 658 1553 prae
676 1516 717 1541 se
734 1504 838 1550 tulit,
858 1516 1013 1541 securus
1033 1505 1111 1541 iam
1122 1536 1126 1541 .
1138 1505 1228 1553 odii,

51 1571 92 1603 et
122 1566 190 1616 qui
225 1566 374 1604 facilius
411 1566 673 1604 dissimularet
707 1567 892 1616 gaudium
921 1580 1038 1616 quam
1069 1572 1227 1606 metum.

52 1629 154 1667 Satis
171 1631 371 1668 constabat
388 1630 488 1667 lecto
516 1634 748 1668 testamento
774 1631 989 1681 Agricolae,
1018 1644 1095 1681 quo
1122 1632 1231 1670 cohe-

52 1693 180 1731 redem
200 1694 368 1744 optimae
397 1694 512 1731 uxori
537 1699 576 1732 et
604 1695 799 1744 piissimae
826 1695 930 1733 filiae
959 1694 1231 1733 Domitianum

53 1757 210 1807 scripsit,
229 1758 416 1795 laetatum
434 1771 523 1795 eum
540 1759 651 1796 velut
678 1759 821 1806 honore
848 1760 1078 1810 iudicioque.
1134 1759 1231 1797 Tam

52 1832 161 1857 caeca
177 1825 216 1858 et
233 1826 411 1871 corrupta
431 1835 540 1859 mens
566 1823 727 1860 assiduis
754 1810 1043 1860 adulationibus
1070 1827 1165 1870 erat,
1184 1829 1232 1861 ut

53 1884 215 1921 nesciret
231 1897 255 1922 a
270 1885 370 1922 bono
386 1890 497 1936 patre
523 1898 603 1923 non
629 1887 745 1924 scribi
771 1887 952 1925 heredem
979 1888 1056 1924 nisi
1082 1887 1232 1925 malum

51 1947 272 1998 pn‘ncipem.

130 2011 283 2052 XLIV.
337 2013 466 2052 Natus
501 2019 585 2053 erat
612 2014 798 2065 Agricola
831 2015 930 2054 Gaio
963 2015 1125 2053 Caesare
1156 2019 1232 2052 ter-

52 2075 152 2112 tium
170 2077 324 2115 consule
350 2077 487 2116 Idibus
514 2079 667 2127 Iuniis3
695 2081 859 2117 excessit
887 2084 1025 2130 quarto
1052 2084 1092 2116 et
1120 2080 1232 2129 quin-

50 2141 271 2190 quagesimo
287 2155 399 2190 anno,
418 2144 565 2182 decimo
585 2145 786 2182 Kalendas
805 2145 1049 2196 Septembres
1077 2145 1232 2194 Collega

52 2202 258 2255 Priscoque
276 2206 504 2247 consulibus,
563 2207 674 2263 Q119d
703 2209 736 2246 si
762 2209 939 2258 habitum
968 2221 1120 2259 quoque
1148 2209 1231 2247 eius
