1390 2424
283 136 552 176 AGRICOLA
592 133 1041 174 xxxv—XXXIX
1205 135 1257 179 27

75 238 172 272 rare,
209 237 353 274 capere,
383 227 501 274 atque
533 222 696 269 eosdem,
735 221 876 259 oblatis
911 221 1009 267 aliis,
1047 220 1253 258 trucidare.

77 291 163 329 Iam
193 290 373 336 hostium,
406 294 522 339 prout
551 288 691 337 cuique
722 286 922 336 ingenium
952 289 1047 332 erat,
1079 289 1256 322 catervae

75 359 310 394 armatorum
346 353 587 404 paucioribus
623 357 733 401 terga
767 355 971 400 praestare,
1010 349 1168 399 quidam
1199 349 1257 386 in-

76 433 197 459 ermes
226 420 329 457 ulti-o
360 431 472 456 ruere
503 431 547 455 ac
578 430 618 455 se
650 417 767 467 morti
796 417 951 463 offerre3
978 415 1121 466 passim
1147 428 1256 452 arma

75 490 115 522 et
142 496 299 533 corpora
325 487 365 520 et
391 482 506 532 laceri
537 488 646 519 artus
679 485 718 518 et
746 485 906 518 cruenta
937 481 1088 527 humus,
1118 483 1159 516 ct
1187 480 1256 517 ali-
1313 480 1315 483 ⁴

75 549 230 600 quando
262 548 380 586 etiam
411 547 526 585 victis
554 548 612 584 ira
638 548 849 596 virtusque.
908 546 1120 596 Postquam
1148 546 1256 583 silvis

75 614 491 665 appropinquaverunt,
512 612 661 650 collecti
683 613 828 662 primos
849 612 1104 661 sequentium,
1127 610 1258 648 incau-

75 685 135 718 tos
165 685 205 718 et
232 680 402 717 locorum
432 679 596 728 ignaros,
635 677 996 715 circumveniebant.
1069 675 1183 722 Quod
1213 675 1257 713 ni
1279 686 1304 712 “ῑ

24 745 253 794 ssfrequens
271 743 414 793 ubique
433 741 615 791 Agricola
636 741 784 778 validas
806 745 846 777 et
864 740 1064 789 expeditas
1083 739 1287 776 cohortes

0 796 31 822 ⁰¹·
75 797 411 858 indagi'fsiff‘ci'f),
437 811 487 852 et,
513 805 635 842 sicubi
647 805 899 862 „mmmm
828 807 949 850 erant,
976 807 1127 853 partem
1153 802 1282 857 equi-s

3 892 23 918 ρ
75 875 162 908 tum
184 869 349 908 dimissis
371 869 489 920 equis,
516 869 631 906 simul
656 856 835 905 rariore—s
842 867 958 903 silvas
983 867 1154 916 equitem
1175 869 1315 924 per-j

75 936 218 973 sultare
241 935 421 981 iussisset,
448 938 648 983 acceptum
667 932 824 982 aliquod
841 931 985 968 vulnus
1002 944 1072 980 per
1095 931 1257 968 nimiam

74 999 254 1036 fiduciam
277 999 385 1036 foret.
444 997 625 1035 Ceterum
654 997 722 1034 ubi
754 995 983 1046 compositos
1009 995 1131 1032 firmis
1159 995 1257 1032 ordi-

74 1063 189 1100 nibus
212 1064 321 1113 sequi
344 1075 477 1099 rursus
503 1062 644 1108 videre,
678 1062 721 1098 in
747 1061 880 1108 fugam
908 1060 1010 1097 versi
1036 1072 1115 1096 non
1140 1060 1257 1109 agmi-

75 1127 198 1174 nibus,
222 1132 268 1164 ut
294 1127 411 1176 prius,
440 1139 511 1163 nec
535 1118 634 1163 alius
658 1125 778 1162 alium
806 1128 1083 1174 respectantes3
1111 1124 1189 1160 rari
1217 1128 1258 1161 et

80 1191 280 1228 vitabundi
296 1191 462 1227 invicem
480 1191 690 1240 longinqua
709 1194 826 1239 atque
845 1190 931 1226 avia
950 1189 1106 1238 petiere.
1147 1188 1258 1225 Finis

77 1255 261 1305 sequendi
274 1267 353 1292 nox
372 1259 411 1292 et
429 1256 584 1293 satietas
603 1255 686 1291 fuit.
733 1254 851 1291 Caesa
868 1254 1040 1290 hostium
1059 1253 1107 1290 ad
1127 1253 1257 1290 decem

76 1317 185 1355 milia
192 1331 204 1366 ;
233 1322 452 1355 nostrorum
479 1318 642 1355 trecenti
669 1318 870 1366 sexaginta
895 1318 1071 1364 cecidere,
1102 1317 1146 1354 in
1170 1318 1257 1367 quis

77 1381 206 1418 Aulus
233 1381 393 1418 Atticus
419 1382 621 1431 praefeetus
651 1382 828 1429 cohortis,
861 1382 1026 1419 iuvenili
1053 1382 1188 1419 ardore
1217 1386 1257 1419 et

76 1445 217 1482 ferocia
234 1445 324 1495 equi
342 1445 516 1483 hostibus
533 1446 675 1483 illatus

155 1506 409 1546 XXXVIII.
466 1508 520 1545 Et
556 1522 635 1545 nox
672 1508 827 1558 quidem
866 1509 1006 1559 gaudio
1040 1510 1257 1559 praedaque
1284 1518 1289 1530 '

75 1571 177 1609 laeta
194 1572 414 1610 victoribus.
472 1572 654 1609 Britanni
671 1573 846 1622 palantes
864 1573 1065 1623 mixtoque
1084 1573 1256 1610 virorum
1284 1570 1285 1573 ¹

75 1637 356 1687 mulierumque
384 1637 540 1687 ploratu
567 1637 721 1673 trahere
756 1637 988 1684 vulneratos,
1027 1650 1164 1674 vocare
1200 1637 1257 1674 in-

75 1705 212 1752 tegros,
241 1702 413 1739 deserere
442 1702 573 1739 domos
604 1714 647 1739 ac
673 1715 742 1751 per
769 1702 867 1738 iram
896 1702 1000 1739 ultro
1031 1702 1255 1749 incendere3

76 1766 214 1816 eligere
237 1767 403 1804 latebras
425 1770 464 1803 et
489 1766 621 1803 statim
647 1766 875 1816 relinquere,
904 1753 1062 1803 miscere
1089 1765 1256 1803 invicem

77 1830 233 1866 consilia
274 1830 412 1879 aliqua,
459 1830 598 1866 deinde
642 1842 827 1880 separare,
875 1829 1085 1879 aliquando
1129 1830 1257 1879 frangi

77 1897 233 1943 aspectu
254 1894 459 1944 pignorum
480 1907 648 1940 suorum,
677 1894 828 1944 saepius
855 1894 1058 1941 concitari3
1086 1895 1256 1944 satisque

78 1958 276 1995 constabat
309 1959 472 1996 saevisse
507 1960 694 2009 quosdam
729 1960 772 1996 in
808 1960 987 2008 coniuges
1024 1972 1067 1995 ac
1103 1959 1254 2005 liberos,

81 2026 275 2072 tamquam
292 2023 574 2061 misererentur.
605 2024 813 2061 Proximus
826 2024 907 2060 dies
925 2024 1058 2060 faciem
1072 2023 1257 2061 victoriae

78 2086 195 2124 latius
212 2087 363 2136 aperuit
368 2102 379 2136 3
405 2092 559 2126 vastum
577 2089 722 2138 ubique
740 2089 949 2135 silentium,
971 2089 1107 2125 secreti
1129 2088 1253 2134 colles,

78 2151 269 2188 fumantia
302 2152 434 2201 procul
468 2156 579 2200 tecta,
618 2166 731 2190 nemo
763 2154 1071 2203 exploratoribus
1107 2154 1253 2192 obvius·

79 2215 230 2261 Quibus
252 2215 295 2252 in
316 2229 468 2254 omnem
492 2223 643 2268 partem
671 2218 846 2264 dimissis,
877 2219 944 2255 ubi
971 2218 1119 2255 incerta
1144 2218 1258 2268 fugae

81 2282 241 2333 vestigia
265 2294 390 2333 neque
417 2296 581 2334 usquam
603 2284 823 2334 conglobari
850 2284 979 2322 hostes
1007 2287 1256 2335 compertum,
