1404 2346
160 111 181 144 4
503 104 766 143 CORNELII
805 101 989 141 TAGJTI

152 171 324 245 ”erectum
347 189 541 237 ingenium
564 187 886 236 pulchritudinem
908 199 951 222 ac
975 185 1135 234 speciem
1153 197 1309 233 magnae

159 253 398 300 excelsaeque
424 251 564 300 gloriae
596 250 855 287 vehementius
885 262 998 298 quam
1026 253 1134 285 caute
1159 254 1309 297 appete-

160 315 234 351 bat.
291 314 387 350 Mox
412 314 604 362 mitigavit
625 313 723 349 ratio
748 317 787 349 et
810 317 922 357 aetas,
943 311 1188 360 retinuitque,
1209 310 1310 360 quod

159 381 217 412 est
236 376 512 422 difficillimum,
534 388 582 411 ex
600 375 784 423 sapientia
801 375 965 411 modum,

236 440 286 476 V.
343 440 472 475 Prima
517 443 723 475 castrorum
768 438 985 474 rudimenta
1027 436 1069 472 in
1109 435 1312 472 Britannia

160 501 340 538 Suetonio
383 501 557 546 Paulino,
597 501 770 548 diligenti
805 512 849 536 ac
884 499 1076 535 moderato
1108 497 1205 542 duci,
1249 509 1310 545 ap-

125 594 127 597 ,
159 565 334 612 probavit
364 565 513 608 electus,
534 576 647 612 quem
676 561 919 598 contubernio
948 561 1173 596 aestimaret.
1229 558 1311 595 Nec
1361 571 1378 595 s

160 626 340 673 Agricola
374 625 541 671 licenter,
581 638 683 661 more
724 626 915 669 iuvenum,
950 623 1017 671 qui
1053 622 1231 658 militiam
1269 621 1311 657 111
1354 616 1368 668 ξ’

159 688 351 725 lasciviam
386 693 554 733 vertunt,
593 701 714 736 neque
749 688 913 736 segniter
946 687 994 723 ad
1024 687 1239 735 voluptates
1274 689 1313 722 et

159 755 387 787 commeatus
417 752 575 787 titulum
603 752 822 787 tribunatus
852 754 891 786 et
918 749 1108 785 inscitiam
1136 747 1287 800 rettulit
1299 745 1337 794 3ss

159 815 224 851 sed
259 827 409 851 noscere
445 816 689 863 provinciam,
734 815 838 850 nosci
878 813 1072 857 exercitui,
1116 812 1256 848 discere
1290 803 1330 848 a¹

160 878 302 926 peritis,
330 878 435 926 sequi
465 878 636 926 optimos,
665 877 762 913 nihil
790 880 967 924 appetere
988 875 1030 918 in
1058 874 1311 918 iactationem,

159 939 257 975 nihil
284 940 331 975 ob
356 940 598 976 formidinem
620 951 802 985 recusare,
827 937 1014 986 simulque
1043 940 1083 973 et
1110 935 1246 971 anxius
1274 938 1313 971 et

161 1002 331 1038 intentus
355 1014 472 1049 agere.
540 1001 630 1037 Non
658 1013 746 1037 sane
775 999 868 1035 alias
892 998 1093 1035 excitatior
1121 997 1313 1044 magisque

160 1066 201 1100 111
232 1065 408 1112 ambiguo
438 1063 640 1100 Britannia
670 1063 753 1099 fuit.
810 1061 1004 1098 Trucidati
1039 1060 1220 1104 veterani,
1259 1059 1319 1094 111-

160 1140 290 1163 censae
314 1127 490 1172 coloniae,
517 1127 718 1175 intersepti
746 1126 934 1162 exercitus
948 1137 959 1171 3
988 1132 1072 1160 tum
1101 1123 1147 1159 de
1178 1122 1312 1167 salute,

159 1203 250 1226 mox
268 1190 314 1226 de
332 1190 491 1226 victoria
509 1193 708 1226 certavere.
765 1189 871 1232 Quae
896 1191 1031 1223 cuncta
1055 1186 1126 1222 etsi
1148 1183 1313 1221 consiliis

160 1253 352 1301 ductuque
376 1253 532 1288 alterius
560 1253 778 1300 agebantur,
805 1264 848 1287 ac
873 1263 1020 1297 sunit—na
1043 1262 1170 1285 rerum
1192 1251 1232 1284 et
1257 1260 1313 1283 re-

161 1319 358 1362 cuperatae
381 1314 596 1362 provinciae
620 1314 770 1362 gloria
760 1327 800 1349 m
823 1314 954 1349 ducem
981 1312 1102 1355 cessit,
1127 1315 1244 1346 artem
1276 1313 1314 1345 et

162 1391 272 1414 usum
291 1382 329 1414 et
347 1378 520 1428 stimulos
539 1377 747 1413 addidere
737 1376 877 1420 iuveni,
897 1374 1131 1422 intravitque
1145 1375 1313 1408 animum

161 1441 338 1476 militaris
370 1426 508 1489 gloriae
538 1440 685 1488 cupido,
719 1440 869 1487 ingrata
903 1436 1144 1485 temporibus,
1177 1435 1315 1483 quibus

151 1505 314 1540 ‘sinistra
333 1516 421 1552 erga
448 1504 657 1539 eminentes
681 1501 955 1550 interpretatio,
978 1512 1047 1535 nec
1069 1498 1194 1534 minus
1221 1496 1316 1545 peri-

161 1568 289 1603 culum
307 1579 356 1602 ex
373 1579 509 1614 magua
526 1567 626 1601 fama
643 1578 757 1613 quam
776 1576 825 1599 ex
842 1563 949 1599 mala.

239 1629 313 1665 VI.
369 1629 474 1665 Hinc
504 1628 553 1664 ad
581 1626 820 1675 capessendos
848 1625 1088 1673 magistratus
1114 1622 1156 1657 in
1183 1621 1314 1656 urbem

162 1692 348 1740 digressus
380 1690 591 1726 Domitiam
617 1689 873 1733 Decidianam,
898 1685 1102 1735 splendidis
1126 1683 1316 1719 natalibus
1391 1679 1404 1744 ἑ

162 1763 295 1799 ortam,
334 1754 406 1789 sibi
440 1750 579 1797 iunxit,
618 1752 733 1799 idque
769 1749 1055 1785 matrimonium
1090 1746 1138 1781 ad
1174 1745 1316 1780 maiora
1398 1750 1404 1754 “

164 1818 302 1854 nitenti
332 1818 443 1853 decus
471 1828 513 1852 ac
538 1816 651 1852 robur
679 1815 762 1851 fuit.
818 1813 1088 1860 Vixeruntque
1113 1809 1210 1845 mira
1234 1821 1317 1845 con-

162 1880 289 1916 cordia
323 1892 391 1928 per
425 1882 598 1914 mutuam
634 1878 830 1913 caritatem
866 1880 905 1911 et
939 1874 1102 1928 invicem
1139 1885 1178 1908 se
1213 1874 1317 1914 ante-

163 1943 345 1992 ponendo,
372 1942 446 1978 nisi
477 1941 578 1990 quod
606 1941 647 1976 in
673 1941 770 1976 bona
799 1949 916 1974 uxore
986 1940 1053 1972 nto
1077 1935 1197 1971 maior
1221 1933 1313 1978 laus,

163 2010 307 2054 quanto
331 2006 372 2041 in
394 2004 494 2056 mala
511 2003 596 2052 plus
615 2003 746 2051 culpae
764 2005 830 2037 est.
887 1999 974 2035 Sors
992 1977 1216 2047 quaesturae
1233 2006 1318 2049 pro-

131 2066 155 2103 l)
167 2068 327 2104 vinciam
350 2051 496 2113 Asiam,
517 2064 775 2115 proconsulem
798 2062 968 2099 Salvium
987 2060 1184 2099 Titianum
1200 2051 1327 2098 (10(11111,

166 2133 338 2176 Quorum
355 2135 492 2185 neutro
510 2133 709 2178 corruptus
727 2132 795 2172 est,
816 2136 1046 2175 quamquam
1064 2126 1103 2160 et
1124 2119 1318 2174 provincia

164 2196 269 2233 dives
299 2208 342 2232 ac
371 2187 504 2245 parata
530 2192 780 2244 peccantibus,
811 2193 850 2227 et
877 2187 1077 2239 proconsul
1099 2187 1142 2224 in
1167 2164 1316 2223 0111110111
