1390 2424
10 122 90 166 s&
106 117 117 165 ὲ
284 127 552 168 AGRIGOLA
590 128 806 168 XXXIII.
843 129 1052 170 XXXIV.
1207 131 1259 170 25

81 217 122 252 et
156 214 420 257 metuentium.
478 214 585 260 Quos
614 215 719 265 quod
746 214 904 252 tandem
933 215 1148 263 invenistis,
1179 229 1260 254 non

81 278 318 327 restiterunt,
352 279 419 316 sed
449 279 677 337 deprehensi
713 283 825 326 sunt3
861 281 1091 317 novissimae
1126 271 1188 318 res
1219 285 1262 319 et

0 333 36 397 k}
52 341 55 344 ”
70 345 252 385 extremo
276 346 385 379 metu
408 343 567 393 corpora
594 332 764 381 defixere
786 344 907 381 aciem
924 344 968 381 in
986 344 1047 381 his
1070 344 1258 394 vestigiis,

3 397 7 401 ’
80 406 122 443 in
139 406 279 455 quibus
300 406 499 455 pulchram
524 411 564 445 et
585 408 834 457 spectabilem
855 408 1058 445 victoriam
1081 408 1256 446 ederetis.

80 471 296 521 Transigite
315 484 403 508 cum
420 472 742 521 expeditionibus,
766 473 954 522 imponite
975 473 1260 523 quinquaginta

78 535 191 574 anuis
207 548 391 584 magnum
413 535 526 581 diem,
549 535 759 584 approbate
780 536 838 572 rei
858 536 1034 585 publicae
1057 549 1258 587 nunquam

78 599 266 636 exercitui
283 598 469 648 imputari
487 599 656 648 potuisse
674 603 744 635 aut
761 612 888 636 moras
906 599 1000 637 belli
1018 604 1087 637 aut
1106 613 1258 638 caussas

10 659 15 662 ’
76 662 299 700 rebellandi.

77 757 391 784 xxxta—XXXIX.
434 745 509 784 The
527 746 638 783 order
654 747 704 796 qf
713 746 833 785 battle.
872 747 1078 797 Desperate
1097 762 1258 798 couraye

129 803 179 852 of
187 805 244 842 the
261 805 428 843 Britom.
483 805 599 842 Their
616 805 788 854 complete
806 806 937 853 defeat.
994 806 1088 844 Loes
1105 820 1156 845 (m
1173 807 1258 845 both

128 863 235 900 eides.
285 862 449 900 Terrible
467 875 589 900 scene-3
607 876 657 900 on
676 863 734 900 the
753 862 972 912 battlefield.
1023 864 1258 914 Eaepeditimz

129 920 177 968 qf
199 921 257 958 the
286 919 438 958 Roman
455 919 560 967 fleec.
614 920 792 968 Aqricola
821 927 975 958 ‘returns
1006 922 1253 960 southward&

127 978 246 1027 Effect
262 991 312 1015 on
326 978 528 1016 Domitian
540 978 590 1027 of
596 977 654 1015 the
671 992 772 1016 nevos
783 978 1047 1028 quyricola’s
1064 994 1252 1018 successes.

154 1053 336 1091 XXXV.
394 1053 447 1090 Et
473 1053 693 1103 alloquente
719 1053 845 1091 adhuc
870 1053 1056 1104 Agricola
1082 1056 1256 1093 militum

75 1118 189 1156 ardor
220 1118 423 1164 eminebat,
462 1122 502 1154 et
537 1118 654 1155 finem
690 1119 874 1156 orationis
910 1120 1046 1169 ingens
1077 1121 1256 1158 alacritas

76 1189 278 1221 consecuta
314 1187 381 1229 est,
419 1183 628 1232 statimque
668 1183 716 1221 ad
756 1197 864 1221 arma
906 1185 1132 1223 discursum.
1188 1186 1255 1223 In-

75 1249 236 1285 stinctos
259 1253 489 1297 ruentesque
513 1247 570 1285 ita
591 1247 787 1298 disposuit,
817 1252 864 1286 ut
891 1250 1068 1299 peditum
1094 1251 1252 1297 auxilia,

76 1326 175 1362 quae
210 1317 294 1350 octo
328 1314 479 1350 milium
516 1318 635 1360 erant,
673 1315 840 1352 mediam
879 1317 1001 1354 aciem
1040 1317 1252 1364 firmarent,

76 1377 251 1426 equitum
275 1377 351 1413 tria
374 1377 482 1414 milia
505 1378 684 1415 cornibus
708 1379 1010 1418 affunderentur.
1065 1381 1255 1431 Legiones

75 1453 144 1491 pro
168 1440 270 1477 vallo
292 1444 443 1487 stetere,
470 1441 606 1490 ingens
631 1442 816 1480 victoriae
844 1444 959 1481 decus
986 1445 1087 1488 citra
1112 1445 1255 1484 Roma-

74 1517 170 1542 num
197 1505 423 1554 sanguinem
449 1506 631 1551 bellandi,
658 1511 699 1544 et
725 1508 928 1555 auxilium,
952 1509 986 1546 si
1006 1510 1251 1559 pellerentur.

76 1571 353 1608 Britannorum
390 1571 489 1608 acies
527 1571 571 1608 in
612 1571 777 1620 speciem
822 1573 938 1610 simul
980 1586 1025 1610 ac
1066 1577 1255 1612 terrorem

76 1624 300 1671 editioribus
336 1635 428 1672 locis
464 1635 692 1672 constiterat
726 1636 792 1681 ita,
827 1639 874 1673 ut
909 1637 1079 1686 primum
1103 1635 1255 1687 >agmen

0 1712 3 1723 ·
76 1710 205 1748 aequo,
232 1699 349 1736 ceteri
375 1712 445 1749 per
467 1700 609 1737 acclive
635 1700 772 1749 iugum
799 1701 965 1738 connexi
991 1701 1102 1738 velut
1128 1702 1254 1739 insur-

78 1765 226 1810 gerent;
262 1762 388 1799 media
423 1763 547 1812 campi
583 1763 829 1803 covinnarius
864 1777 980 1813 eques
1015 1765 1180 1815 strepitu
1209 1779 1254 1802 ac

79 1824 246 1863 discursu
266 1826 487 1875 complebat.
536 1827 637 1864 Tum
654 1827 839 1876 Agricola
856 1832 1064 1877 superante
1081 1828 1254 1866 hostium

79 1887 326 1927 multitudine
359 1890 517 1937 veritus,
556 1903 605 1927 ne
640 1891 683 1927 in
713 1891 883 1928 frontem
913 1891 1029 1928 simul
1061 1895 1102 1928 et
1130 1891 1254 1928 latera

79 1964 236 1989 suorum
267 1958 514 2003 pugnaretur,
552 1954 720 2005 diductis
759 1955 970 2009 ordinibus,
1016 1968 1253 2005 quamquam

79 2017 285 2066 porrectior
313 2019 413 2056 acies
443 2020 575 2057 futura
603 2024 696 2065 erat,
735 2024 776 2058 et
809 2021 1052 2058 arcessendas
1079 2020 1254 2070 plerique

78 2077 246 2129 legiones
274 2081 540 2130 admonebant,
571 2084 786 2133 promptior
820 2085 863 2121 in
899 2098 1006 2135 spem
1042 2089 1083 2122 et
1117 2085 1272 2122 firmus

78 2143 247 2182 adversis
263 2144 416 2184 dimisso
434 2160 532 2197 equo
549 2148 664 2197 pedes
681 2152 773 2186 ante
790 2149 936 2186 vexilla
953 2149 1139 2186 constitit.
1225 2191 1227 2194 ,

156 2207 362 2246 XXXVI.
403 2209 466 2247 Ac
483 2211 607 2260 primo
625 2223 830 2260 congressu
848 2212 998 2249 eminus
1017 2212 1250 2258 certabatur,

77 2271 269 2324 simulque
299 2276 517 2314 constantia
545 2276 662 2314 simul
697 2280 780 2314 arte
816 2277 1000 2315 Britanni
1031 2277 1254 2328 ingentibus
