1390 2424
187 156 241 193 ‘26
535 157 801 196 CORNELII
833 157 1018 197 PAGITI

190 240 325 289 gladiis
343 243 382 277 et
398 241 575 278 brevibus
593 242 705 278 cetris
727 242 884 280 missilia
904 248 1120 280 nostrorum
1140 243 1264 280 vitare
1286 244 1347 282 vel

191 307 378 349 excutere,
411 308 526 352 atque
567 305 639 353 ipsi
678 318 854 354 magnam
892 307 973 343 vim
1017 307 1179 344 telorum
1220 321 1342 356 super-

191 366 359 413 fundere,
386 366 503 403 donec
524 366 705 415 Agricola
727 368 961 406 Batavorum
984 370 1155 406 cohortes
1178 383 1221 407 ac
1248 370 1348 408 Tun-

192 439 344 475 grorum
372 429 464 465 duas
491 429 708 467 cohortatus
735 435 802 477 est,
831 436 877 468 ut
903 445 983 468 rem
1009 433 1058 468 ad
1084 445 1347 471 mucrones-ac

191 502 326 528 manus
360 493 610 539 adducerent3
639 495 741 542 quod
777 499 816 532 et
846 496 938 544 ipsis
969 500 1161 532 vetustate
1188 496 1347 533 militiae

191 555 443 591 exercitatum
461 560 499 592 et
516 555 689 593 hostibus
711 557 888 603 inhabile,
912 571 1028 606 parva
1050 563 1156 595 scuta
1178 563 1216 595 et
1243 571 1347 595 enor-

191 627 269 651 mes
304 616 447 664 gladios
487 617 713 665 gerentibus.
769 618 810 654 Ν
812 632 872 655 am
917 619 1190 656 Britannorum
1230 620 1346 669 gladii

191 679 272 714 sine
290 670 468 715 mucrone
480 680 718 730 complexum
733 694 923 717 armorum
937 685 975 718 et
986 682 1026 718 in
1039 686 1168 731 aperto
1180 695 1346 731 pugnam

190 754 268 778 non
287 743 507 780 tolerabant.
563 744 690 792 Igitur
708 749 752 781 ut
771 745 908 782 Batavi
926 746 1082 782 miscere
1103 747 1211 792 ictus,
1235 747 1346 783 ferire

192 805 428 851 umbonibuS,
448 819 513 842 ora
531 806 688 852 foedare,
709 812 749 843 et
767 808 905 853 stratis,
929 808 996 857 qui
1017 808 1058 844 in
1079 821 1198 856 aequo
1219 809 1345 845 astite-

189 870 288 912 rant,
314 867 455 915 erigere
478 868 519 904 in
546 868 659 905 colles
685 869 801 906 aciem
826 883 988 918 coepere,
1012 874 1156 907 ceterae
1177 871 1346 908 cohortes

190 929 440 965 aemulatione
460 934 498 966 et
515 931 661 979 impetu
679 932 852 968 connisae
870 933 1060 980 proximos
1082 946 1249 982 quosque
1270 946 1346 970 cae-

191 991 278 1027 dere
291 1005 302 1039 3
330 1005 373 1029 ac
404 994 572 1042 plerique
603 995 803 1031 semineces
833 1000 901 1031 aut
937 996 1075 1045 integri
1104 997 1346 1034 festinatione

189 1057 372 1093 victoriae
408 1058 730 1107 relinquebantur.
796 1059 957 1095 Interim
993 1061 1166 1109 equitum
1196 1064 1345 1096 turmae

190 1121 330 1169 fugere,
369 1123 578 1158 covinnarii
614 1123 787 1170 peditum
824 1135 862 1158 se
897 1123 1039 1171 proelio
1074 1124 1266 1169 miscuere,
1305 1129 1344 1160 et

193 1196 424 1232 quamquam
455 1188 645 1220 recentem
677 1189 860 1220 terrorem
888 1185 1108 1231 intulerant,
1142 1185 1265 1221 densis
1290 1189 1347 1222 ta-

190 1259 279 1282 men
314 1246 481 1282 hostium
528 1247 740 1295 agminibus
778 1251 816 1283 et
847 1247 1109 1296 inaequalibus
1139 1247 1231 1284 locis
1261 1247 1343 1301 liae-

188 1309 345 1354 rebant3
382 1309 633 1359 minimeque,
647 1310 830 1358 equestris
867 1322 911 1346 ea
949 1311 1024 1345 iam
1054 1322 1202 1358 pugnae
1234 1310 1344 1346 facies

126 1391 132 1415 4
182 1375 281 1418 erat,
323 1385 442 1421 quum
464 1370 476 1402 ‘x
484 1384 593 1420 aegre
633 1371 732 1407 clivo
775 1372 961 1418 instantes
1006 1372 1118 1408 simul
1163 1385 1345 1420 equorum

131 1437 135 1444 “
190 1434 407 1482 corporibus
434 1434 738 1482 impellerentur3
771 1446 814 1469 ac
842 1446 951 1482 saepe
981 1434 1067 1482 vagi
1103 1447 1245 1479 currus,
1283 1447 1345 1471 ex-

191 1497 317 1533 territi
352 1497 433 1532 sine
474 1497 682 1532 rectoribus
721 1496 819 1544 equi,
867 1500 912 1532 ut
954 1508 1141 1545 quemque
1185 1495 1343 1532 formido

189 1559 343 1604 tulerat,
363 1562 594 1594 transversos
612 1562 679 1594 aut
697 1558 826 1594 obvios
843 1558 1095 1594 incursabant.

267 1622 494 1659 XXXVII.
549 1622 602 1658 Et
634 1622 822 1666 Britanni,
853 1623 920 1670 qui
951 1623 1074 1659 adhuc
1101 1635 1250 1671 pugnae
1279 1636 1344 1659 ex-

189 1688 313 1734 pertes
344 1697 490 1720 summa
518 1684 670 1720 collium
700 1684 917 1720 insederant
943 1689 982 1720 et
1005 1685 1235 1733 paucitatem
1260 1698 1343 1721 nos-

190 1752 337 1784 trorum
360 1747 480 1799 Ἥ
497 1748 732 1794 spernebant,
755 1747 906 1795 degredi
923 1747 1107 1796 paulatim
1129 1752 1168 1784 et
1189 1748 1344 1784 circum-

190 1811 246 1847 ire
273 1814 380 1858 terga
409 1809 645 1845 vincentium
678 1813 887 1857 coeperant,
918 1810 959 1845 ni
982 1809 1022 1845 id
1048 1810 1173 1858 ipsum
1199 1811 1342 1846 veritus

191 1873 372 1921 Agricola
417 1876 598 1921 quattuor
646 1872 817 1920 equitum
863 1872 948 1918 alas,
1000 1872 1048 1908 ad.
1087 1872 1212 1908 subita
1252 1872 1343 1909 belli

190 1939 368 1981 retentas,
400 1935 641 1971 venientibus
669 1934 909 1982 opposuisset,
941 1921 1168 1983 quantoque
1169 1927 1363 1972 ferocius

191 2002 486 2043 accucurrerunt,
506 2001 615 2033 tanto
634 1998 754 2033 acrius
773 1997 927 2045 pulsos
917 2010 958 2033 m
976 1998 1101 2046 fugam
1126 1998 1338 2035 disiecisset.

192 2063 258 2099 Ita
285 2061 482 2098 consilium
513 2061 786 2096 Britannorum
821 2060 862 2095 in
892 2060 991 2108 ipsos
1021 2073 1183 2106 versum,
1221 2058 1342 2096 trans-

192 2127 394 2172 vectaeque
422 2126 618 2171 praecepto
648 2122 752 2158 ducis
783 2134 807 2157 a
834 2122 957 2158 fronte
981 2122 1235 2171 pugnantium
1261 2122 1342 2159 alae

191 2198 363 2222 aversam
392 2185 559 2220 hostium
586 2184 704 2219 aciem
731 2183 911 2220 invasere.
966 2184 1064 2220 Tum
1093 2196 1183 2220 vero
1212 2186 1341 2232 paten-

182 2250 296 2288 ¹tibus
313 2250 403 2288 locis
422 2249 562 2300 grande
580 2253 618 2286 et
636 2252 747 2285 atrox
768 2248 1022 2298 spectaculum
1035 2261 1047 2296 3
1076 2249 1191 2299 sequi,
1213 2248 1343 2285 vulne-
