1404 2346
178 105 224 142 16
516 106 781 145 CORNELII
812 107 1003 146 TACJTJ

176 200 245 236 pro
262 190 487 226 necessitate
506 195 597 227 erat.
645 191 732 227 Iam
750 204 839 228 vero
857 193 1071 242 principum
1091 193 1188 230 filios
1206 193 1340 231 libera-

175 251 277 288 libus
303 253 451 289 artibus
477 253 638 299 erudire,
665 258 705 290 et
728 253 881 303 ingenia
905 255 1181 292 Britannorum
1203 257 1339 295 studiis

177 314 376 351 Gallorum
403 316 601 361 anteferre,
623 320 678 362 ut,
706 317 773 365 qui
798 317 910 354 modo
933 318 1104 366 linguam
1125 318 1339 356 Romanam

175 378 406 424 abnuebant,
434 378 690 426 eloquentiam
723 380 1039 428 concupiscerent.
1096 381 1194 417 Inde
1222 382 1339 419 etiam

175 439 330 476 habitus
366 441 488 477 nostri
518 441 648 487 honor,
680 445 719 478 et
746 442 923 491 frequens
952 447 1049 492 toga,
1079 445 1339 494 paulatimque

176 503 381 539 discessum
400 504 447 539 ad
467 503 722 541 delenimenta
739 505 933 551 vitiorum,
959 507 1127 555 porticus
1148 512 1188 544 et
1205 508 1339 544 balnea

176 572 216 604 et
251 568 514 604 conviviorum
550 569 776 618 elegantiam
789 583 801 617 3
847 571 963 620 idque
1004 572 1106 620 apud
1143 572 1339 621 imperitos

175 630 394 667 humanitas
413 632 630 679 vocabatur,
651 646 771 681 quum
787 646 875 683 pars
893 635 1090 671 servitutis
1108 639 1214 672 esset.

176 749 437 776 xxm—xxm
487 750 524 777 A.
535 751 570 777 D.
594 741 746 779 SO.—-A.
757 752 792 778 D.
815 742 874 778 82.
921 741 1103 790 Ayricola
1124 743 1264 791 pus-hes
1280 744 1340 781 liis

230 808 418 849 conque-388
437 816 480 839 as
495 802 571 850 sar
597 803 709 840 ‘north
727 817 770 840 as
793 804 850 842 the
879 804 1038 842 Tanaus
1062 807 1146 843 and
1167 807 1292 844 draws
1313 820 1339 843 α

228 865 303 902 line
335 865 383 913 of
399 866 505 913 forts
522 866 632 914 from
664 868 721 904 the
747 868 854 906 Clota
876 874 911 906 to
945 870 1001 906 tlte
1029 869 1222 908 Bodotria.
1278 871 1340 908 He

228 941 363 965 crosses
381 929 437 965 tlte
456 928 562 966 Clota
581 930 663 966 and
672 937 777 978 poste
793 944 888 967 som
906 937 1028 979 troops
1046 945 1095 968 οη
1113 932 1170 968 elce
1188 939 1340 970 western

229 997 327 1027 coast
347 992 508 1039 opposite
526 991 692 1030 Ireland.
749 993 989 1041 Description
1008 994 1056 1041 qs
1064 994 1234 1032 [reland.

254 1080 396 1119 XXII.
454 1081 606 1118 Tertius
625 1083 914 1132 expeditionum
933 1097 1055 1121 annus
1073 1097 1190 1121 novas
1207 1088 1340 1133 gentes

177 1144 338 1192 aperuit,
364 1145 523 1180 vastatis
547 1157 667 1193 usque
694 1146 741 1181 ad
769 1146 936 1182 Tanaum
968 1147 1173 1196 (aestuario
1200 1160 1339 1183 nomen

175 1206 249 1254 est)
277 1207 505 1244 nationibus.
564 1208 649 1252 Qua
676 1209 877 1246 formidine
904 1210 1029 1246 territi
1057 1210 1182 1246 hostes
1210 1222 1340 1258 quam-

176 1281 292 1318 quam
334 1270 592 1306 conflictatum
635 1271 755 1307 saevis
796 1271 1085 1320 tempestatibus
1131 1272 1339 1308 exercitum

177 1332 353 1369 lacessere
375 1346 452 1369 non
478 1333 587 1379 ausi;
616 1334 875 1382 ponendisque
899 1334 1055 1382 insuper
1079 1333 1242 1370 castellis
1259 1346 1340 1383 spa-

177 1396 276 1431 tium
295 1395 379 1432 fuit.
428 1396 682 1432 Annotabant
701 1397 814 1444 periti
833 1408 908 1432 non
923 1396 1039 1432 alium
1056 1396 1188 1432 ducem
1207 1409 1340 1445 oppor-

179 1458 363 1493 tunitates
381 1458 547 1494 locorum
566 1458 774 1506 sapientius
787 1459 929 1506 legisse.
977 1457 1141 1494 Nullum
1159 1458 1207 1493 ab
1225 1458 1340 1506 Agri-

178 1521 259 1556 cola
291 1521 459 1569 positum
487 1522 684 1558 castellum
714 1526 781 1558 aut
809 1522 850 1557 vi
878 1521 1046 1558 hostium
1078 1526 1337 1570 expugnatum

177 1587 245 1619 aut
273 1585 447 1632 pactione
478 1597 520 1620 ac
550 1585 639 1633 fuga
673 1585 887 1631 desertum5
917 1585 1067 1620 crebrae
1097 1584 1336 1632 eruptiones3

175 1659 265 1682 nain
301 1647 480 1683 adversus
516 1660 639 1683 moras
669 1648 874 1684 obsidionis
903 1647 1040 1683 annuis
1069 1647 1184 1695 copiis
1216 1647 1340 1683 firma-

176 1711 325 1760 bantur.
409 1709 473 1746 Ita
508 1709 698 1758 intrepida
733 1710 788 1746 ibi
822 1709 952 1755 hiems,
989 1713 1028 1746 et
1067 1709 1140 1745 sibi
1175 1709 1338 1758 quisque

175 1774 371 1823 praesidio,
406 1774 523 1810 irritis
559 1774 731 1810 hostibus
767 1786 884 1822 eoque
919 1773 1213 1821 desperantibus,
1247 1772 1339 1821 quia

175 1835 279 1872 soliti
313 1835 537 1884 plerumque
573 1835 711 1870 damna
746 1835 901 1870 aestatis
939 1833 1107 1870 hibernis
1139 1834 1339 1870 eventibus

176 1912 332 1947 pensare
362 1903 446 1935 tum
475 1902 618 1934 aestate
648 1903 763 1946 atque
794 1898 917 1933 hieme
943 1897 1055 1933 iuxta
1085 1898 1338 1946 pellebantur.

175 1961 258 1997 Nec
271 1961 453 2010 Agricola
467 1973 649 2009 umquam
669 1973 736 2009 per
750 1960 843 1996 alios
855 1963 960 2008 gesta
972 1959 1106 1995 avidus
1117 1959 1319 2007 intercepit
1326 1971 1338 2005 3

178 2035 244 2058 seu
274 2023 446 2059 centurio
474 2035 539 2058 seu
565 2022 788 2071 praefectus,
808 2022 1074 2070 incorruptum
1094 2022 1185 2057 facti
1203 2024 1336 2057 testem

177 2085 349 2122 habebat.
406 2085 522 2134 Apud
550 2085 731 2134 quosdam
756 2084 924 2121 acerbior
952 2084 994 2119 in
1019 2082 1197 2120 conviciis
1213 2094 1341 2119 narra-

177 2150 312 2198 batur;
338 2154 384 2186 ut
413 2153 494 2186 erat
522 2148 637 2201 cognis
663 2148 782 2192 bonis,
810 2148 866 2184 ita
891 2147 1071 2184 adversus
1098 2146 1216 2183 malos
1241 2145 1339 2181 iniu-

176 2212 333 2250 cundus.
366 2211 545 2248 Ceterum
558 2198 606 2248 ei<
618 2210 813 2248 iracundia
826 2209 923 2246 nihil
935 2213 1130 2258 supererat
1141 2211 1337 2254 secretum,
