1404 2346
393 69 664 109 AGRICOLA
704 69 937 107 IV.—VII.
1175 115 1179 126 ‚
1237 71 1258 106 5

79 160 304 198 aviditatem
332 152 477 208 pronus
504 146 748 207 quantalibet
776 155 965 192 facilitate
989 129 1262 204 redempturus

80 228 179 262 esset
205 227 382 260 mutuam
412 216 762 259 dissimulationem
793 219 897 256 mali.
954 220 1110 266 Auctus
1128 224 1187 256 est
1205 220 1260 273 ikgi

80 287 168 334 filia,
187 286 229 324 in
247 285 463 335 subsidium
482 285 598 322 simul
617 289 657 322 et
675 285 858 322 solatium
872 298 884 332 3
913 298 1004 322 nam
1023 285 1148 322 filium
1171 290 1260 323 ante
1302 291 1304 294 ’

78 351 274 388 sublatum
305 349 411 386 brevi
450 339 588 386 amisit.
657 348 756 385 Mox
792 349 897 385 inter
932 336 1181 398 quaesturam
1216 362 1260 386 ac

77 415 323 452 tribunatum
349 413 471 463 plebis
498 418 615 462 atque
643 413 771 462 ipsum
799 413 916 450 etiam
943 390 1168 450 tri'bunatfis
1194 404 1260 450 an:

77 490 172 515 num
200 478 331 528 quiete
356 481 396 514 et
422 477 501 531 otio
527 478 696 524 transiit,
717 490 862 527 gnarus
886 478 958 515 sub
983 477 1139 515 Nerone
1165 481 1261 515 tem-
1288 524 1291 528 r

77 556 226 593 porum,
246 543 386 592 quibus
404 542 546 579 inertia
570 555 639 592 pro
664 542 855 591 sapientia
882 543 967 580 fuit.
1025 542 1136 578 Idem
1156 534 1285 591 prae-³⁴

76 612 190 644 turae
220 611 333 644 tenor
368 610 415 643 et'
438 598 637 643 silentium
653 620 663 654 3
698 619 768 643 nec
802 606 907 642 enim
943 606 1160 643 iurisdictio
1195 606 1259 642 ob-

77 676 247 712 venerat,
287 672 416 708 Ludos
435 676 474 708 et
492 672 624 708 inania
642 672 798 708 honoris
817 672 944 721 medido
963 671 1124 716 rationis
1143 675 1260 721 atque

77 738 337 776 abundantiae
373 738 497 784 duxit,
536 738 599 774 uti
633 737 746 787 longe
783 750 806 774 a
842 737 1009 782 luxuria,
1047 737 1104 774 ita
1135 738 1260 774 famae

77 803 241 855 propior.
297 802 398 839 Tum
430 802 573 839 electus
602 814 625 838 a
658 801 782 838 Galba
813 802 863 838 ad
893 802 994 838 dona
1025 801 1259 850 templorum

77 867 387 917 recognoscenda,
418 867 714 916 diligentissima
750 866 1032 915 conquisitione
1069 866 1171 912 fecit,
1210 878 1259 902 ne
1281 876 1304 907 ,¹1

77 933 186 969 cuius
214 931 374 968 alterius
405 931 648 981 sacrilegium
676 943 737 967 res
766 931 920 980 publica
948 944 1063 981 quam
1090 931 1260 968 Neronis

77 997 266 1034 sensisset.
291 995 554 1049 χῑεσετοίῦ

158 1059 257 1097 VII.
316 1037 488 1110 SCQ‘ibie‘ffs
517 1072 642 1097 annus
667 1060 775 1109 gravi
805 1059 966 1096 vulnere
991 1060 1165 1096 animum
1195 1059 1258 1096 do-

78 1136 261 1173 mumque
279 1123 361 1160 eius
379 1123 531 1160 afflixit.
570 1123 691 1159 -Nam
709 1123 838 1159 classis
858 1123 1081 1160 Othoniana
1098 1122 1259 1159 licenter

78 1201 186 1237 vaga,
216 1188 309 1225 dum
342 1188 568 1225 Intemelios
605 1187 805 1237 (Liguriae
835 1200 924 1236 pars
956 1187 1029 1234 est)
1064 1186 1260 1223 hostiliter

18 1244 24 1245 ἶ
78 1253 296 1303 populatur,
316 1257 480 1290 matrem
502 1251 706 1301 Agricolae
717 1253 759 1288 in
773 1251 940 1301 praediis
954 1252 1033 1288 suis
1052 1252 1256 1296 interfecit,

78 1316 309 1366 praediaque
322 1317 404 1366 ipsa
418 1321 458 1353 et
474 1330 652 1365 magnam
673 1316 897 1366 patrimonii
915 1322 1065 1365 partem
1084 1315 1255 1364 diripuit,

10 1379 23 1393 ·’
79 1391 177 1429 quae
195 1392 327 1416 caussa
344 1379 470 1416 caedis
493 1380 627 1416 fuerat.
658 1380 789 1428 Igitur
812 1380 862 1415 ad
881 1379 1083 1416 sollemnia
1101 1378 1257 1428 pietatis

77 1443 270 1492 profectus
299 1443 482 1493 Agricola
512 1444 651 1480 nuntio
681 1445 851 1494 affectati
875 1458 897 1481 a
919 1444 1160 1494 Vespasiano
1186 1436 1258 1480 im⁴v
1280 1438 1285 1445 ’
1312 1443 1315 1447 ’

77 1507 176 1556 perii
193 1507 462 1557 deprehensus,
479 1520 523 1544 ac
541 1508 674 1544 statim
692 1508 734 1544 in
755 1512 883 1557 partes
909 1512 1168 1557 transgressus
1185 1499 1273 1546 est?

78 1570 201 1608 Initia
224 1571 462 1620 principatus
486 1583 530 1607 ac
554 1574 699 1607 statum
723 1571 830 1607 urbis
859 1571 1066 1608 Mucianus
1087 1572 1253 1621 regebat,

78 1634 218 1671 iuvene
245 1633 452 1670 admodum
485 1633 722 1680 Domitiano,
755 1639 795 1671 et
827 1647 878 1671 ex
908 1639 1071 1684 paterna
1100 1636 1254 1672 fortuna

81 1701 231 1734 tantum
259 1697 456 1734 licentiam
487 1702 706 1746 usurpante.
765 1696 808 1733 Is
834 1697 995 1733 missum
1012 1697 1061 1734 ad
1086 1697 1257 1735 delectus

78 1761 243 1810 agendos
271 1761 495 1811 Agricolam
531 1762 757 1810 integreque
793 1773 836 1797 ac
871 1765 1028 1798 strenue
1060 1767 1255 1799 versatum

77 1823 279 1861 vicesimae
302 1824 454 1874 legioni,
474 1825 584 1862 tarde
608 1826 658 1862 ad
682 1829 963 1862 sacramentum
986 1830 1253 1875 transgressae,

77 1887 307 1936 praeposuit,
340 1888 408 1924 ubi
436 1889 607 1925 decessor
642 1889 822 1925 seditiose
857 1901 969 1938 agere
1000 1890 1232 1926 narrabatur
1245 1901 1268 1935 ς,

77 1950 222 2000 quippe
262 1950 398 2001 legatis
440 1937 592 2002 quoque
631 1952 895 1989 consularibus
937 1952 1058 1999 nimi-a
1099 1965 1144 1988 ac
1183 1951 1257 2052 sog

77 2013 264 2051 midolosa
287 2019 380 2062 erat,
407 2027 478 2052 nec
501 2015 651 2064 legatus
682 2016 899 2065 praetorius
927 2015 976 2052 ad
1000 2015 1229 2053 cohibendu,
1255 2011 1267 2014 ”
1318 2006 1340 2017 ”

77 2081 227 2128 potens,
251 2077 455 2125 incertum,
484 2091 553 2115 suo
580 2092 631 2115 an
659 2079 830 2116 militum
855 2079 1019 2128 ingenio.
1078 2078 1145 2115 Ita
1176 2091 1257 2133 sug·-
1294 2099 1299 2102 -

77 2153 204 2180 cessor
230 2141 347 2178 simul
381 2147 423 2179 et
453 2142 559 2180 ultor
587 2143 732 2180 electus
763 2143 959 2180 rarissima
996 2143 1257 2180 moderatione
1325 2137 1361 2161 Ψ

11 2219 18 2231 -·
78 2205 220 2242 maluit
236 2205 359 2242 videri
378 2206 570 2244 invenisse
588 2207 707 2259 bonos
725 2219 843 2256 quam
860 2207 1003 2244 fecisse.
