1404 2346
352 130 384 167 A
395 128 627 168 GRIGOLA
663 125 994 165 XIII.—XVIL
1213 123 1231 160 1
1239 125 1261 162 3

88 216 254 253 Bolanus
281 219 320 254 et
346 216 464 253 nullis
486 215 636 253 delictis
657 214 805 252 invisus
830 213 1034 251 caritatem
1058 213 1261 261 paraverat

85 281 168 319 loco
185 282 434 318 auctoritatis.

163 345 305 382 XVII.
363 345 439 382 Sed
466 345 534 382 ubi
559 357 647 381 cum
675 348 803 381 cetero
826 343 917 380 orbe
940 340 1205 391 Vespasianus
1223 342 1263 376 et

85 409 330 447 Britanniam
348 409 598 459 recuperavit,
613 407 744 458 magni
758 408 884 454 duces,
902 406 1043 457 egregii
1057 405 1261 448 exercitus,

84 474 236 510 minuta
270 473 439 510 hostium
475 485 570 522 spes.
632 472 687 510 Et
722 476 910 509 terrorem
949 471 1083 508 statim
1124 469 1263 507 intulit

85 538 248 575 Petilius
269 538 438 586 Cerialis,
464 538 694 587 Brigantum
723 537 934 582 civitatem,
962 548 1061 586 quae
1085 528 1280 571 numero-v

83 601 234 639 sissima
251 602 470 651 provinciae
488 603 609 639 totius
626 602 863 652 perhibetur,
884 613 1092 650 aggressus.
1131 599 1263 637 Multa

50 688 53 692 -
76 666 237 714 proelia,
287 670 327 702 et
370 666 577 716 aliquando
622 679 701 703 non
743 667 968 712 incruenta3
1006 676 1262 714 magnamque

1 718 3 721 .
84 729 316 779 Brigantum
351 734 500 779 partem
536 734 605 767 aut
636 730 798 767 victoria
842 729 1044 778 amplexus
1090 732 1149 765 est
1193 731 1263 764 aut

83 792 194 831 bello.
251 793 304 830 Et
337 793 496 831 Cerialis
532 795 689 843 quidem
732 795 890 831 alterius
933 793 1158 830 successoris
1194 805 1261 829 cu-
1288 812 1301 834 s
1331 813 1334 814 ν

83 869 166 893 ram
191 857 408 909 famamque
436 858 625 906 obruisset
652 858 724 909 <sed
751 835 1100 895 sustinuiffmolem
1133 857 1261 896 Iulius

83 922 304 968 Frontinus,
320 923 381 959 vir
391 906 570 972 'magnus
584 926 775 973 quantum
790 923 942 967 licebat,
957 922 1202 972 validamque
1222 927 1262 960 et

83 998 293 1035 pugnacem
316 987 486 1024 Silurum
507 991 662 1037 gentem
681 988 797 1024 armis
815 987 978 1036 subegit,
1008 1000 1122 1036 super
1139 987 1263 1024 virtu-

82 1054 162 1087 tem
180 1050 349 1088 hostium
368 1052 538 1088 locorum
556 1064 708 1102 quoque
728 1052 973 1089 difficultates
991 1051 1192 1089 eluctatus.

83 1141 333 1169 §wlff—XXI.
364 1142 398 1168 A.
409 1143 444 1168 D.
462 1131 614 1170 78.--Α.
625 1143 661 1170 D.
680 1132 744 1171 79.
771 1131 959 1170 Successes
971 1132 1200 1181 cfAyrieoZa
1218 1133 1263 1170 in

135 1187 301 1226 Britain.
357 1189 493 1237 Defeac
528 1189 577 1238 of
605 1190 660 1226 the
700 1190 906 1227 Ordovices.
962 1189 1102 1227 Actaclc
1130 1204 1181 1228 on
1205 1191 1262 1228 tlte

136 1245 266 1283 island
302 1246 351 1295 of
377 1247 508 1284 Mona.
567 1247 707 1285 Terror
746 1248 827 1284 and
864 1247 1091 1285 submissim
1130 1248 1180 1296 of
1205 1249 1263 1286 tlte

136 1302 301 1341 Britons.
356 1304 599 1343 Moderation
634 1306 717 1343 ancl
750 1306 878 1354 equity
895 1306 944 1354 of
965 1306 1178 1354 Ayricola's
1202 1320 1263 1355 90-

137 1368 336 1400 vernonem.
376 1363 421 1399 H
420 1364 452 1400 is
465 1363 607 1412 reform
625 1363 675 1412 of
683 1364 822 1402 abuses.
865 1364 926 1401 He
942 1364 1150 1401 establislaes
1157 1365 1263 1412 forts

115 1447 119 1449 -
137 1419 219 1455 and
236 1420 439 1467 9awiwns,
463 1421 545 1458 and
566 1421 780 1459 introduces
797 1421 950 1459 Roman
976 1421 1221 1460 civilizabion.

163 1488 328 1526 XVIII.
388 1489 506 1527 Hunc
537 1490 762 1528 Britanniae
790 1495 946 1537 statum,
976 1491 1044 1528 has
1071 1491 1263 1527 bellorum

0 1565 5 1576 ι
23 1544 27 1546 ”
84 1552 186 1605 vices
204 1553 330 1589 media
348 1554 424 1590 iam
444 1558 588 1591 aestate
610 1558 869 1604 transgressus
893 1554 1077 1603 Agricola
1098 1554 1260 1600 invenit,

83 1630 200 1666 quum
234 1621 274 1654 et
305 1618 448 1655 milites
479 1619 586 1662 velut
612 1619 753 1656 omissa
779 1619 1027 1669 expeditione
1051 1619 1100 1656 ad
1125 1619 1264 1656 securi-

55 1635 216 1730 Jtatem,
250 1685 290 1718 et
324 1681 451 1719 hostes
487 1673 536 1719 ad
573 1676 807 1720 occasionem
838 1687 1092 1721 verterentur.
1143 1683 1263 1720 Ordo-

84 1746 213 1784 vicum
231 1747 366 1784 civitas
384 1748 488 1785 haud
507 1748 629 1786 multo
649 1752 739 1786 ante
758 1749 968 1786 adventum
991 1749 1074 1785 eius
1095 1749 1196 1785 alam
1220 1749 1263 1785 in

85 1811 224 1849 finibus
259 1812 338 1849 suis
380 1817 558 1865 agentem
603 1826 721 1863 prope
770 1813 988 1850 universam
1040 1813 1260 1859 obtriverat,

86 1886 204 1923 eoque
221 1874 334 1912 initio
353 1864 478 1913 erecta
495 1876 712 1926 provincia3
740 1880 779 1914 et
801 1877 942 1926 quibus
963 1877 1109 1913 bellum
1133 1876 1263 1913 volen-

85 1938 190 1975 tibus
233 1943 326 1987 erat,
369 1941 530 1990 probare
572 1942 802 1991 exemplum,
849 1954 894 1978 ac
936 1941 1101 1978 recentis
1145 1940 1264 1990 legati

85 2001 255 2039 animum
284 2005 460 2055 opperiri,
494 2018 616 2054 quum
648 2004 841 2054 Agricola,
876 2017 1111 2054 quamquam
1142 2007 1264 2040 trans-

85 2069 196 2102 vecta
213 2069 344 2113 aestas,
364 2069 484 2117 sparsi
503 2081 572 2118 per
585 2069 823 2118 provinciam
841 2068 1003 2114 numeri,
1020 2072 1265 2117 praesumpta

86 2129 189 2178 apud
224 2130 388 2168 militem
421 2132 526 2170 illius
562 2133 655 2170 anni
691 2133 809 2182 quies,
848 2133 961 2170 tarda
997 2136 1037 2169 et
1073 2122 1265 2169 contr-aria

87 2193 231 2233 bellum
267 2193 502 2243 inchoaturo,
544 2200 584 2233 et
622 2197 814 2246 plerisque
857 2196 1042 2233 custodiri
1090 2201 1265 2246 suspecta

86 2257 214 2306 potius
246 2257 457 2305 videbatur,
492 2260 547 2296 ire
577 2259 730 2297 obviam
755 2259 968 2297 discrimini
992 2261 1131 2297 statuit
1138 2274 1151 2309 5
1180 2273 1264 2298 con-
