1404 2346
317 91 583 140 AG‘RICOLA
621 100 970 139 immi—XXI.
1195 100 1241 138 15

21 218 25 227 .
63 198 252 238 quemque
279 185 509 223 fidissimum
534 190 693 236 putare3
725 186 857 223 omnia
880 186 988 232 scire,
1008 198 1084 222 non
1112 186 1243 223 omnia

64 250 222 301 exsequi
234 263 247 297 3
274 250 405 299 parvis
430 250 599 300 peccatis
626 250 792 296 veniam,
818 251 968 300 magnis
995 249 1243 287 severitatem

27 320 33 334 ³
64 316 313 361 commodare,
331 327 403 352 nec
427 327 551 364 poena
568 327 727 365 semper,
747 315 813 352 sed
832 315 982 364 saepius
1002 313 1244 364 poenitentia

64 362 267 417 eonteffis
300 391 406 425 esso3
444 378 576 415 officiis
605 382 646 416 et
677 378 1078 416 administrationibus
1112 379 1243 428 potius

65 457 142 482 non
175 448 398 494 peccaturos
442 455 689 494 praeponere,
728 457 846 494 quam
889 445 1083 490 damnare,
1122 457 1243 493 quum

10 507 27 557 ἶ,
64 514 290 559 peccassent.
311 497 347 553 Ι]
373 510 580 548 Frumenti
627 513 669 546 et
714 510 953 547 tributorum
1002 510 1243 547 exactionem

0 568 29 612 ἶ
62 574 296 623 aequalitate
335 587 540 611 munerum
579 573 740 619 mollire,
777 573 1020 618 circumcisis,
1057 585 1157 622 quae
1199 573 1243 609 in
1337 620 1340 621 ⁷

28 638 37 644 ”
65 642 267 687 quaestum
296 642 449 690 reperta
477 638 560 688 ipso
596 638 746 675 tributo
773 638 930 687 gravius
964 637 1240 675 tolerabantur.
1277 659 1281 661 -

3 686 10 726 Ῐ
65 700 245 751 Namque
279 690 350 751 per
383 688 596 739 ludibrium
632 701 798 738 assidere
834 701 972 738 clausis
1016 700 1164 738 horreis
1203 705 1244 738 et

0 758 15 793 »Ὗ
66 777 191 802 emere
225 765 328 802 ultro
358 765 555 802 frumenta
586 777 630 801 ac
661 764 794 802 ludere
825 765 950 814 pretio
981 765 1241 814 oogebantur;

66 828 240 869 devm-tia
252 829 436 866 itinerum
451 832 491 865 et
504 828 766 878 longinquitas
778 829 977 878 regionum
988 829 1240 875 indicebatur,

15 906 31 943 ‘e'
66 896 113 928 ut
147 893 333 939 civitates,
378 892 565 946 proximis
600 891 783 937 hibernis,
820 892 862 928 in
898 896 1046 929 remota
1082 896 1122 930 et
1156 893 1244 929 avia

0 970 4 977 ²
67 955 269 1002 deferrent,
284 956 414 999 donec,
433 955 535 1005 quod
550 955 728 992 omnibus
741 955 784 992 in
802 960 985 1006 promptu
1000 960 1093 1003 erat,
1111 957 1243 1006 paucis

65 1019 259 1056 lucrosum
276 1020 394 1056 fieret.

145 1083 242 1121 XX.
297 1084 408 1121 Haec
425 1084 550 1134 primo
564 1085 696 1122 statim
715 1097 817 1121 anno
836 1085 1122 1135 comprimendo
1141 1099 1243 1136 egre-

31 1163 33 1166 ·
69 1147 171 1196 giam
197 1148 340 1185 famam
365 1150 450 1198 paci
478 1149 741 1195 circumdedit,
776 1162 874 1199 quae
902 1150 965 1187 vel
1001 1150 1151 1187 incuria
1181 1151 1243 1188 vel

70 1210 316 1258 intolerantia
341 1212 513 1261 priorum
541 1212 645 1249 haud
675 1213 803 1249 minus
830 1226 948 1263 quam
967 1214 1111 1251 bellum
1135 1214 1245 1251 time-

0 1277 21 1324 j'
71 1275 195 1312 batur.
262 1275 337 1312 Sed
372 1276 440 1312 ubi
475 1281 598 1313 aestas
633 1277 803 1323 advenit,
837 1282 1034 1315 contracto
1070 1279 1244 1317 exercitu

0 1325 17 1363 ’ἶ
71 1337 219 1374 multus
243 1339 286 1375 in
308 1339 470 1388 agmine,
496 1340 652 1377 laudare
676 1341 916 1387 modestiam,
943 1341 1119 1380 disiectos
1144 1347 1243 1380 coe‘r-

0 1415 2 1418 ·
71 1416 179 1450 cere3
207 1403 291 1440 loca
312 1405 446 1441 castris
466 1405 547 1454 ipse
572 1418 717 1454 capere,
743 1407 936 1443 aestuaria
961 1419 1004 1443 ac
1030 1407 1146 1445 silvas
1163 1409 1245 1458 ipse

16 1471 47 1499 ’.ὲ
70 1470 312 1515 praetentare
324 1480 336 1514 ς
374 1471 414 1504 et
444 1468 543 1504 nihil
578 1468 736 1505 interim
767 1469 870 1518 apud
904 1470 1032 1508 hostes
1067 1473 1244 1521 quietum

0 1524 2 1531 ’
68 1529 163 1579 pati,
189 1531 394 1580 quominus
416 1531 553 1568 subitis
577 1533 798 1570 excursibus
825 1534 1075 1583 popularetur
1087 1549 1100 1583 5
1128 1540 1244 1586 atque

72 1593 138 1629 ubi
154 1594 249 1631 satis
271 1597 474 1642 terruerat,
502 1597 691 1645 parcendo
714 1610 848 1635 rursus
871 1599 1115 1637 irritamenta.
1140 1601 1245 1650 pacis

69 1661 271 1696 ostentare.
329 1659 479 1704 Quibus
514 1661 628 1713 rebus
663 1661 808 1699 multae
844 1663 1030 1712 civitates,
1069 1677 1167 1714 quae
1202 1665 1244 1701 in

70 1721 179 1758 illum
214 1723 317 1760 diem
351 1731 751 1774 exuaeqpoqegeranss
786 1727 887 1764 datis
919 1728 1115 1766 obsidibus
1145 1729 1244 1766 iram

70 1799 236 1835 posuere,
253 1794 293 1825 et
311 1791 509 1838 praesidiis
528 1793 769 1842 castellisque
788 1794 1056 1842 circumdatae,
1076 1800 1116 1833 et
1134 1800 1243 1833 tanta

72 1850 218 1887 latione
235 1864 401 1902 curaque
418 1858 464 1890 ut
481 1856 590 1892 nulla
607 1860 699 1893 ante
719 1857 946 1895 Britanniae
964 1871 1066 1896 nova
1083 1873 1181 1910 pars.

148 1913 267 1952 XXI.
323 1916 537 1955 Illacessita
579 1921 735 1957 transiit
771 1935 933 1971 sequens
972 1923 1104 1970 hiems,
1149 1924 1245 1961 salu-

71 1977 429 2018 berrimisconsiliis
446 1983 658 2033 absumpta.
715 1986 897 2035 Namque
915 1992 961 2024 ut
979 1987 1152 2025 homines
1171 1989 1245 2025 dis-

70 2041 171 2089 persi
199 2054 243 2079 ac
267 2044 382 2081 rudes
409 2057 530 2096 eoque
558 2048 659 2085 bello
686 2049 816 2086 faciles
848 2051 971 2099 quieti
1001 2057 1040 2088 et
1065 2052 1145 2088 otio
1177 2065 1246 2102 per

70 2103 291 2154 voluptates
330 2114 600 2155 assuescerent,
641 2111 790 2149 hortari
832 2113 1027 2162 privatim,
1061 2115 1245 2153 adiuvare

71 2168 232 2217 publice,
254 2174 301 2207 ut
323 2172 477 2222 templa,
502 2175 595 2219 fora,
621 2176 752 2214 domos
774 2182 1029 2225 exstruerent,
1054 2179 1246 2218 laudando

3 2277 5 2282 Ι
71 2237 265 2283 promptos
281 2238 322 2272 et
339 2237 558 2286 castigando
583 2252 725 2289 segnes.
782 2240 847 2278 Ita
865 2242 1021 2280 honoris
1039 2244 1246 2282 aemulatio
