1404 2346
189 113 286 149 xxiv
422 111 595 150 TABLE
630 110 699 148 OF
729 109 888 148 PASSA
898 109 1004 157 GES,
1041 110 1103 148 ὥσ.

435 212 574 243 Onsttr.
983 209 1018 240 O.
1043 216 1113 239 sm)
1135 208 1174 239 B.

221 285 340 317 XXX.
375 284 478 316 totius
493 281 681 315 Britanniae
823 281 885 312 toti
899 281 1086 312 Britanniae

214 336 352 368 XXXI.
376 336 461 367 bona
474 335 683 374 fortunasque
700 333 735 364 in
749 332 803 364 tri·
826 333 911 364 bona
942 333 1152 373 fortunaeque
1180 333 1214 364 in
1245 334 1342 366 tribu-

421 389 536 419 butum
558 388 723 427 aggerant,
750 396 805 416 an-
869 389 950 423 tum,
968 395 1043 426 ager
1064 388 1161 426 atque
1186 397 1288 418 annus
1311 388 1343 418 in

419 451 499 473 num
528 441 563 472 in
597 440 804 477 frumentum,
870 439 1078 478 frumentum,
1110 450 1243 480 corpora
1275 441 1345 481 ipsa

422 503 552 534 corpora
566 492 633 534 ipsa
644 502 682 523 ac
695 502 809 522 manus
872 502 910 522 ac
928 502 1042 522 manus
1063 492 1151 523 silvis
1168 503 1206 523 ac
1222 493 1342 533 paludi-

423 546 510 577 silvis
555 556 593 577 ac
636 544 805 586 paludibus
870 545 929 575 bus
949 545 1144 575 emuniendis
1169 545 1252 576 inter
1274 556 1342 576 ver-

422 596 619 629 emuniendis
639 597 722 627 inter
741 606 809 627 ver-
874 596 948 626 bera
962 599 995 626 et
1010 597 1216 628 contumelias
1238 600 1342 627 conte-

423 651 498 681 bera
530 660 568 681 ac
599 649 807 681 contumelias
871 652 986 679 runtur

421 705 592 734 conterunt

202 757 359 788 XXXII.
384 756 445 787 nisi
460 756 487 786 si
829 753 890 783 nisi

381 808 507 838 infirma
522 805 627 837 vincla
641 805 784 836 caritatis
828 804 953 834 infirma
967 804 1070 835 vincla
1085 804 1152 836 loco
1167 804 1309 835 caritatis

210 861 278 892 XX
284 861 364 892 XV.
384 860 519 891 bellanti
831 857 970 888 bellandi

382 914 414 945 in
430 923 529 955 aequo
834 921 935 951 aequo

382 966 516 998 convexi
829 964 964 995 connexi

381 1019 581 1051 covinnarius
595 1022 628 1050 et
643 1028 739 1059 eques
828 1017 1028 1048 covinnarius
1043 1027 1137 1057 eques

199 1072 368 1104 XXXVI.
384 1075 451 1103 tres
459 1072 656 1102 Batavorum
665 1071 809 1102 cohortes
830 1069 1026 1100 Batavorum
1041 1070 1185 1100 cohortes

199 1119 207 1125 ξ
383 1125 573 1156 commixtae
829 1122 976 1153 connisae

381 1177 573 1217 minimeque
595 1174 615 1207 †
629 1178 799 1216 equestres.
823 1174 1015 1214 minimeque
1036 1172 1189 1213 equestris
1212 1183 1250 1203 ea
1273 1173 1338 1213 jam

424 1230 474 1260 Ea
484 1230 567 1260 enim
578 1227 806 1269 pugnaefacies
870 1237 996 1267 pugnae
1018 1226 1112 1256 facies
1139 1228 1216 1262 erat,
1242 1236 1339 1265 quum

423 1286 576 1322 erat,cum
587 1293 681 1323 aegra
690 1283 744 1313 diu
752 1286 808 1313 aut
871 1291 963 1321 aegre
980 1280 1061 1310 clivo
1076 1279 1230 1310 instantes
1247 1278 1340 1309 simul

423 1338 529 1367 stante
543 1334 636 1366 simul
650 1345 802 1375 equorum
871 1342 1023 1373 equorum

239 1389 335 1420 XLI.
382 1399 455 1420 cum
469 1388 637 1419 formidine
652 1398 759 1419 eorum
830 1396 903 1417 cum
917 1384 1082 1416 formidine
1097 1386 1269 1415 ceterorum

230 1441 345 1472 XLII.
383 1441 526 1471 iturusne
540 1442 622 1471 esset
830 1439 973 1469 iturusne
988 1440 1071 1468 esset
1084 1437 1119 1467 in
1133 1437 1328 1477 provinciam

223 1493 359 1524 XLIII.
384 1492 492 1523 statim
506 1491 623 1522 oblitus
637 1494 686 1522 est
815 1491 939 1521 *statim
954 1489 1081 1521 oblitus.
1124 1489 1207 1521 Et...

223 1544 352 1575 XLIV.
379 1544 514 1575 excessit
537 1546 629 1574 sexto
654 1546 686 1574 et
711 1543 803 1583 quin-
826 1542 958 1573 excessit
984 1544 1097 1582 quarto
1126 1544 1158 1572 et
1184 1542 1338 1581 quinqua·

273 1608 275 1610 ¹
422 1596 606 1636 quagesimo
619 1605 703 1631 anno
868 1594 986 1635 gesimo
1001 1603 1085 1624 anno

380 1648 413 1679 in
433 1648 493 1679 hac
514 1647 686 1678 beatissimi
712 1647 808 1678 seculi
829 1647 863 1677 in
882 1647 964 1677 hanc
983 1644 1154 1676 beatissimi
1174 1645 1270 1675 seculi
1290 1645 1334 1674 lu-

421 1700 492 1731 luce
869 1708 938 1729 cem

229 1754 339 1786 XLV.
382 1753 494 1784 Massa
505 1753 646 1784 Boebius
656 1753 724 1792 jam
737 1755 806 1784 tum
828 1750 940 1783 Massa
975 1750 1113 1782 Boebius
1154 1752 1224 1781 tum
1264 1760 1334 1780 reus

420 1816 493 1837 reus
507 1808 576 1836 erat
869 1807 938 1835 erat

379 1859 471 1890 nobis
482 1862 549 1890 tam
564 1859 675 1900 longae
690 1859 803 1890 absen-
825 1858 917 1889 nobis
932 1860 1002 1888 tum
1017 1856 1131 1898 longae
1146 1856 1307 1888 absentiae

422 1912 486 1943 tiae

222 1956 353 1999 vai.
382 1966 500 1998 oblivio
515 1966 626 1998 obruet
825 1962 940 1995 oblivio
954 1961 1060 1993 obruit
