1384 2378
332 95 603 135 AGRIGOLA
645 94 947 136 XL.—-XLV1.
1183 94 1235 134 29

136 183 220 221 XL.
278 183 408 233 Igitur
445 183 699 234 triumphalia
734 184 961 220 ornamenta
997 184 1049 218 et·
1072 180 1236 218 illustris

0 272 1 286 1
58 251 206 286 statuae
240 247 434 294 honorem,
472 251 513 285 et
548 247 732 297 quicquid
767 259 837 296 pro
873 245 1072 295 triumpho
1107 245 1234 291 datur,

58 311 182 349 multo
209 311 413 348 verborum
440 311 583 349 honore
610 311 819 357 cumulata,
848 309 1003 347 decerni
1028 309 1071 346 in
1098 313 1237 346 senatu

57 375 175 420 iubet,
199 375 365 425 addique
392 375 549 425 insuper
576 375 796 424 opinionem
818 373 970 423 Syriam
997 373 1234 423 provinciam

57 438 262 488 Agricolae
297 439 492 485 destinari,
524 452 687 476 vacuam
718 442 805 476 tum
836 442 961 475 morte
992 438 1114 475 Atilii
1142 437 1237 475 Rufi

57 503 265 541 consularis
289 507 330 540 et
355 503 562 540 maioribus
589 506 833 540 reservatam.
892 501 1097 539 Credidere
1124 501 1238 550 pleri·
1294 547 1296 550 .
1378 508 1382 512 “

56 580 131 616 que
159 567 342 605 libertum
372 580 422 604 ex
451 566 718 605 secretioribus
747 565 972 603 ministeriis
1000 566 1160 602 missum
1187 563 1274 602 ad
1310 569 1331 579 ‘¹
1378 584 1381 586 ·

56 631 278 680 Agricolam
303 631 505 676 codicillos,
528 630 669 683 quibus
692 630 728 666 ei
751 629 863 678 Syria
888 629 1064 672 dabatur,
1087 628 1235 675 tulisse,
1280 639 1282 641 ’

57 706 146 731 cum
163 699 374 744 praecepto,
393 699 450 740 ut,
474 695 506 732 si
529 695 572 732 in
594 694 801 732 Britannia
828 694 938 740 foret,
967 693 1237 738 traderentur3

57 769 221 808 eumque
248 758 430 795 libertum
458 758 501 795 in
531 758 615 808 ipso
639 758 739 795 freto
771 757 903 794 oceani
935 757 1094 793 obvium
1122 756 1239 804 Agri-

57 821 172 867 colae,
206 833 255 858 ne
285 821 475 871 appellato
511 821 668 874 quidem
705 834 750 858 eo
786 821 836 858 ad
873 820 1144 857 Domitianum
1180 832 1239 856 re-

58 896 210 929 measse,
244 885 324 922 sive
354 898 490 922 verum
521 885 637 932 istud,
670 886 751 923 sive
783 899 833 922 ex
861 886 1017 935 ingenio
1049 884 1238 934 principis

57 951 187 987 fictum
213 963 256 987 ac
280 953 533 1001 compositum
560 955 628 990 est.
685 951 913 988 Tradiderat
934 951 1094 988 interim
1118 951 1237 999 Agri-

58 1015 140 1051 cola
174 1015 377 1051 successori
416 1028 486 1052 suo
525 1015 764 1064 provinciam
804 1016 976 1065 quietam
1018 1018 1243 1068 tutamque„
1274 1052 1278 1055 ,

59 1080 121 1116 Ac
138 1092 187 1116 ne
204 1080 386 1117 notabilis
405 1080 927 1131 cetlgbritasse—eb-frequentia
952 1073 1240 1163 occurrentiunx‘
1250 1063 1274 1093 s

59 1143 240 1180 introitus
259 1148 366 1190 esset,
381 1144 503 1180 vitato
522 1144 733 1181 amicorum
752 1144 874 1184 officio
892 1147 1011 1180 noctu
1029 1143 1072 1179 in
1090 1142 1235 1188 urbem,

60 1210 176 1243 noctu
193 1207 235 1242 in
252 1207 452 1256 palatium,
477 1208 534 1243 ita
554 1211 600 1243 ut
625 1210 873 1256 praeceptum
900 1210 992 1252 erat,
1024 1205 1143 1252 venit,
1173 1217 1238 1242 ex-

60 1273 264 1319 ceptusque
288 1271 396 1307 brevi
427 1271 554 1308 osculo
585 1275 625 1308 et
653 1271 762 1310 nullo
791 1282 965 1306 sermone
997 1269 1134 1306 turbae
1162 1281 1238 1315 ser-

60 1334 250 1371 vientium
267 1335 459 1371 immistus
477 1339 544 1373 est.
603 1334 797 1382 Ceterum,
822 1338 868 1371 ut
891 1333 1060 1371 militare
1084 1344 1237 1377 nomen,
1263 1359 1265 1365 Α

59 1410 174 1446 grave
198 1399 301 1436 inter
326 1400 477 1445 otiosos,
505 1399 591 1436 aliis
616 1399 831 1436 virtutibus
857 1402 1104 1447 temperaret,
1133 1401 1238 1434 tran-
1260 1441 1266 1444 s

59 1462 293 1512 quillitatem
310 1467 427 1513 atque
449 1464 572 1500 otium
594 1464 749 1513 penitus
771 1463 893 1509 auxit,
920 1462 1030 1499 cultu
1053 1461 1275 1515 modicus,
1295 1505 1297 1511 Ι

58 1539 231 1563 sermone
257 1527 389 1574 facilis,
421 1540 499 1564 uno
527 1531 597 1565 aut
628 1527 748 1564 altero
776 1527 987 1563 amicorum
1016 1526 1235 1571 comitatam,

58 1590 151 1638 adeo
169 1591 229 1628 uti
247 1591 430 1641 plerique,
452 1591 591 1641 quibus
610 1603 767 1640 magnos
781 1591 883 1627 viros
902 1603 971 1640 per
984 1589 1238 1626 ambitionem

57 1655 258 1693 aestimare
298 1668 380 1693 mos
422 1660 490 1703 est,
529 1656 612 1693 viso
641 1659 869 1705 aspectoque
905 1654 1089 1704 Agricola
1123 1666 1237 1703 quae-

58 1723 186 1755 rerent
203 1719 356 1763 famam,
374 1720 487 1769 pauci
504 1719 865 1769 interpretarentur.

136 1781 249 1820 XLI.
304 1783 446 1820 Crebro
469 1797 538 1833 per
562 1796 625 1821 eos
650 1784 730 1821 dies
755 1783 858 1833 apud
878 1783 1148 1820 Domitianum
1175 1782 1238 1818 ab·

59 1857 144 1882 sens
169 1850 374 1892 accusatus,
398 1847 534 1884 absens
560 1847 759 1884 absolutus
786 1850 853 1885 est.
930 1846 1054 1883 Causa
1076 1844 1236 1894 periculi

58 1917 137 1955 non
164 1910 306 1947 crimen
338 1910 461 1947 ullum
496 1915 566 1947 aut
598 1910 754 1960 querela
789 1910 883 1947 laesi
908 1910 1144 1979 cuiusquam,
1171 1908 1238 1946 sed
1305 1873 1374 1967 st!

59 1970 229 2010 infensus
251 1973 460 2010 virtutibus
484 1974 661 2024 princeps
664 2008 688 2025 Φ
696 1978 737 2011 et
772 1974 894 2023 gloria
929 1973 1006 2009 viri
1026 1956 1086 2013 Gne
1122 1972 1237 2021 pessi-
1266 1959 1334 2063 fif

59 2047 165 2072 mum
199 2036 441 2075 inimieorum
469 2027 615 2088 genus>
632 2030 843 2075 laisdantes.
902 2038 956 2075 Et
988 2050 1033 2074 ea
1064 2037 1194 2073 insecu
1285 2031 1301 2069 l

58 2103 150 2136 sunt
167 2099 223 2136 rei
241 2100 413 2149 publicae
439 2106 622 2152 tempora,
651 2115 750 2151 quae
777 2101 881 2139 sileri
907 2100 1131 2150 Agricolam
1158 2112 1237 2136 non

57 2163 255 2212 sinerent3
294 2168 352 2202 tot
379 2167 568 2203 exercitus
595 2167 638 2203 in
670 2166 819 2204 Moesia
850 2167 1048 2215 Daciaque
1077 2167 1116 2201 et
1146 2163 1237 2200 Ger-

58 2227 186 2265 mania
212 2232 251 2265 et
279 2227 478 2266 Pannonia
503 2230 721 2267 temeritate
749 2234 819 2267 aut
846 2243 916 2281 per
939 2228 1134 2280 ignaviam
1169 2227 1238 2265 du-
