1384 2378
171 105 220 140 32
512 103 775 142 CORNELII
807 104 872 141 TA
878 103 992 143 011⁷]
1144 154 1148 161 Ι

170 188 312 237 posteri
356 201 507 225 noscere
552 190 682 234 velint,
729 189 921 226 decentior
968 203 1082 239 quam
1129 192 1326 229 sublimior

171 251 271 298 fuit3
308 251 407 287 m'hil
441 255 565 288 metus
599 252 642 287 in
676 252 789 288 vultu
802 265 813 299 3
852 253 975 300 gratia
1010 254 1085 290 oris
1120 241 1324 303 supererat.

172 313 324 350 Bonum
347 315 474 350 virum
502 315 612 352 facile
635 316 812 363 crederes,
840 330 1020 365 magnum
1048 318 1218 356 libenter.
1274 320 1328 357 Et

171 377 251 426 ipse
285 378 448 427 quidem,
492 391 721 427 quamquam
761 380 884 416 medio
925 381 967 416 in
1002 382 1123 429 spatio
1158 382 1327 430 integrae

172 442 309 478 aetatis
349 446 510 490 ereptus,
552 447 739 490 quantum
777 443 826 479 ad
865 443 1034 491 gloriam,
1067 444 1328 493 longissimum

172 517 310 540 aevum
326 505 471 553 peregit
487 518 497 551 3
526 505 664 553 quippe
681 509 721 541 et
740 518 826 542 vera
851 507 959 552 bona,
986 520 1082 555 quae
1107 508 1149 543 in
1175 508 1330 544 virtuti-

173 567 244 602 bus
262 567 335 602 sita
352 571 452 612 sunt,
480 566 713 615 impl-Qerau
742 571 782 603 et
808 569 995 604 consulari
1022 582 1064 605 ac
1090 570 1329 618 triumphali-

174 629 245 664 bus
276 630 506 665 ornamentis
534 630 704 678 praedito
734 630 826 678 quid
855 631 958 666 aliud
985 635 1151 667 astruere
1177 632 1330 669 fortuna

174 692 348 739 poterat?
404 691 550 740 Opibus
568 692 696 728 nimiis
713 704 791 728 non
808 693 1004 740 gaudebat,
1034 694 1220 741 speciosae
1246 708 1331 732 con-

175 754 350 801 tigerant.
407 754 506 790 Filia
533 758 647 803 atque
677 767 796 791 uxore
830 756 1095 803 superstitibus
1123 761 1248 805 potest
1276 758 1334 794 vi-

176 816 258 851 deri
286 817 401 852 etiam
430 817 562 852 beatus
592 817 774 853 incolumi
805 817 998 865 dignitate,
1032 818 1189 855 floiente
1217 820 1327 866 fama,

168 879 290 953 salvis
314 879 560 916 affinitatibus
585 883 624 916 et
650 880 825 916 amicitiis
843 880 972 916 futura
991 881 1170 929 effugisse.
1227 881 1329 918 Nam

167 937 290 1042 icuti
308 941 472 977 durare'
462 955 504 977 m
522 941 618 978 hanc
636 943 843 979 beatissimi
870 943 986 979 seculi
1010 943 1134 996 lucem
1160 956 1203 980 ac
1230 945 1332 992 prin-

167 937 299 1053 {spem
334 1004 539 1041 Traianum
572 1005 700 1041 videre
736 1006 927 1054 quondam
967 1007 1124 1054 augurio
1159 1008 1332 1056 votisque

128 1068 130 1082 ³
178 1068 279 1116 apud
305 1071 452 1104 nostras
478 1080 587 1104 aures
613 1069 862 1118 ominabatur‚
889 1069 944 1105 ita
971 1069 1170 1105 festinatae
1200 1071 1333 1106 moltis

178 1130 318 1178 grande
349 1130 525 1166 solatium
552 1131 644 1167 tulit
672 1131 831 1167 evasisse
856 1135 1087 1180 postremum
1116 1133 1213 1169 illud
1240 1136 1334 1168 tem-

165 1204 260 1240 vpus,
279 1203 355 1240 quo
374 1191 616 1228 Domitianus
634 1205 711 1228 non
729 1193 804 1228 iam
830 1205 899 1241 per
924 1194 1127 1231 intervalla
1151 1207 1194 1230 ac
1221 1194 1334 1242 spila-

159 1253 166 1296 ἱ
178 1259 308 1291 menta
324 1258 548 1303 temporum,
570 1255 635 1291 sed
652 1255 832 1292 continuo
854 1259 894 1291 et
912 1256 1018 1292 velut
1044 1269 1122 1293 uno
1147 1257 1229 1293 ictu
1254 1269 1335 1293 rem

179 1317 368 1366 publicam
387 1317 571 1355 exhausit.

155 1367 158 1375 >
257 1381 384 1420 XLV.
439 1382 531 1418 Non
561 1381 660 1418 vidit
690 1381 871 1430 Agricola
902 1383 1087 1419 obsessam
1123 1384 1266 1420 curiam
1298 1387 1337 1420 et

180 1444 351 1480 clausum
374 1445 489 1481 armis
516 1448 700 1490 senatum,
731 1448 769 1481 et
798 1445 926 1482 eadem
962 1449 1085 1495 strage
1121 1450 1180 1482 tot
1209 1459 1338 1483 consu-

179 1507 318 1543 larium
342 1508 481 1550 caedes,
505 1511 565 1544 tot
588 1508 905 1545 nobilissimarum
923 1509 1148 1545 feminarum
1166 1510 1281 1546 exilia
1299 1514 1338 1546 et

179 1569 297 1617 fugas·
353 1569 446 1606 Una
462 1569 585 1606 adhuc
602 1570 759 1606 victoria
788 1570 907 1607 Carus
934 1571 1078 1608 Metius
1105 1573 1335 1619 censebatur,

181 1636 220 1669 et
236 1632 338 1668 intra
357 1632 547 1668 Albanam
565 1645 688 1668 arcem
706 1634 895 1669 sententia
913 1633 1109 1670 Messalini
1134 1636 1336 1684 strepebat,

181 1698 221 1731 et
239 1694 367 1731 Massa
385 1694 548 1731 Baebius
566 1699 650 1731 tum
668 1709 752 1732 reus
772 1701 862 1735 erat.
918 1697 1014 1733 Mox
1032 1703 1183 1735 nostrae
1197 1699 1339 1736 duxere

182 1757 407 1794 Helvidium
426 1758 468 1793 in
486 1769 670 1794 carcerem
688 1771 831 1805 manus,
851 1771 919 1795 nos
938 1759 1099 1797 Maurici
1115 1761 1340 1811 Rusticique

181 1819 296 1865 visus,
315 1831 384 1855 nos
401 1819 593 1855 innocenti
619 1820 800 1868 sanguine
825 1820 978 1858 Senecio
1004 1823 1179 1870 perfudit.
1235 1823 1340 1861 Nero

182 1885 312 1917 tamen
345 1881 535 1925 subtraxit
572 1881 698 1917 oculos
734 1894 830 1928 suos,
864 1883 1048 1933 iussitque
1083 1886 1231 1932 scelera,
1263 1900 1341 1923 non

184 1943 393 1992 spectavit3
421 1943 621 1992 praecipua
648 1944 718 1980 sub
746 1944 966 1982 Domitiano
992 1947 1228 1986 miseriarum
1254 1962 1341 1999 pars

184 2009 266 2042 erat
300 2006 428 2042 videre
463 2010 502 2041 et
537 2006 663 2054 aspici,
698 2019 816 2054 quum
840 2009 1001 2056 suspiria
1028 2015 1158 2047 nostra
1185 2013 1342 2060 subscri-

183 2070 374 2116 berentur,
407 2081 526 2118 quum
554 2068 778 2105 denotandis
812 2073 872 2106 tot
905 2070 1102 2109 hominum
1135 2074 1342 2122 palloribus

185 2132 371 2169 sufficeret
405 2144 538 2168 saevus
566 2131 631 2169 ille
663 2132 794 2169 vultus
825 2136 865 2170 et
890 2134 1016 2183 rubor,
1045 2149 1120 2186 quo
1146 2149 1185 2174 se
1211 2143 1343 2175 contra

184 2195 366 2243 pudorem
384 2194 588 2232 muniebat.
