1404 2346
293 118 562 159 AGRIGOLA
602 117 991 157 xxx—XXXII.
1191 119 1238 156 21

47 247 51 252 ,
110 206 245 244 united
261 206 387 255 efforts
405 205 489 254 osa
505 205 664 243 hitherto
679 204 950 254 unconquered
959 204 1102 254 people,
1123 204 1242 242 whose

98 265 274 315 freedom
309 264 343 301 is
377 263 593 301 threatened
630 263 678 311 by
709 277 736 300 a
763 263 1049 300 miscellaneous
1085 263 1167 300 host
1204 262 1252 311 of

110 323 290 360 invaders
317 322 439 359 which
465 322 499 358 is
525 321 614 358 held
639 321 800 369 toyether
828 321 875 369 by
889 321 987 370 sear
1012 321 1097 358 and
1123 327 1244 359 terror

109 381 238 418 rather
255 380 349 418 than
368 379 578 429 byfidelity
597 379 680 415 and
696 379 876 428 affection.

136 461 277 499 XXX.
347 460 535 506 Quotiens
578 471 728 495 caussas
769 458 862 495 belli
899 462 939 495 et
974 459 1244 496 necessitatem

58 529 229 563 nostram
246 525 411 571 intueor,
432 535 596 573 magnus
621 523 719 559 mihi
747 523 900 559 animus
929 527 989 559 est
1013 522 1244 560 hodiernum

57 590 161 627 diem
193 601 497 638 consensumque
533 590 706 624 vestrum
742 587 902 623 initium
938 587 1130 624 libertatis
1168 588 1244 625 toti

58 653 287 691 Britanniae
306 653 395 693 fore.
453 651 559 688 Nam
577 655 617 687 et
634 650 812 688 universi⁴
830 651 1031 688 servitutis
1050 655 1240 701 expertes,

58 723 99 756 et
129 717 259 754 nullae
290 717 396 753 ultra
431 719 566 762 terrae,
597 728 642 753 ac
668 727 718 751 ne
746 727 851 751 mare
880 716 1038 765 quidem
1066 728 1245 753 securum

57 784 286 820 imminente
304 782 417 818 nobis
436 781 555 818 classe
575 780 762 817 Romana.
820 780 887 817 Ita
909 781 1100 830 proelium
1127 785 1245 831 atque

58 860 175 894 arma,
211 858 308 896 quae
346 845 512 882 fortibus
550 844 723 892 honesta,
765 844 899 881 eadem
937 845 1057 881 etiam
1093 845 1245 894 ignavis

58 899 254 948 tutissima
299 913 402 948 sunt.
470 909 626 946 Priores
670 921 834 959 pugnae,
873 909 1015 958 quibus
1060 909 1245 946 adversus

58 974 256 1012 Romanos
269 974 377 1010 varia
391 973 547 1010 fortuna
562 976 753 1010 certatum
767 976 835 1018 est,
853 984 958 1021 spem
973 985 1016 1009 ac
1030 973 1245 1021 subsidium

58 1036 101 1074 in
129 1037 271 1073 nostris
298 1036 477 1073 manibus
503 1035 710 1083 habebant,
742 1036 835 1085 quia
863 1035 1095 1071 nobilissimi
1123 1036 1245 1072 totius

59 1099 298 1148 Britanniae,
319 1101 425 1151 iique
443 1100 485 1137 in
513 1100 607 1150 ipsis
634 1099 898 1149 penetralibus
923 1100 1000 1147 siti,
1032 1113 1103 1137 nee
1128 1101 1246 1137 servi-

59 1165 210 1202 entium
238 1165 354 1201 litora
382 1164 622 1214 aspicienteS,
654 1163 785 1200 oculos
820 1176 975 1213 quoque
1005 1177 1029 1200 a
1061 1169 1244 1201 contactu

61 1228 333 1265 dominationis
351 1228 559 1265 inviolatos
583 1227 828 1265 habebamus.
885 1228 971 1264 Nos
992 1231 1184 1265 terrarum
1203 1241 1246 1264 ae

60 1291 253 1330 libertatis
285 1299 479 1329 extremos
507 1304 690 1342 rqus
706 1293 795 1342 ,ipse
827 1305 870 1329 ac
899 1293 1008 1329 sinus
1044 1293 1169 1329 famae
1204 1293 1244 1329 in
1279 1294 1289 1354 Ι
1330 1295 1337 1390 Ι

60 1356 165 1394 hunc
191 1357 294 1394 diem
322 1357 503 1404 defendit,
525 1361 642 1406 atque
664 1369 778 1393 omne
799 1356 977 1406 ignotum
1005 1369 1075 1406 pro
1100 1357 1246 1405 magni-

60 1423 132 1460 fico
159 1417 261 1469 estJ
283 1423 359 1461 Sed
377 1435 482 1459 nunc
499 1423 691 1459 terminus
710 1421 939 1458 Britanniae
957 1425 1075 1471 patet.
1124 1421 1248 1458 Nulla

61 1488 139 1525 iam
157 1487 262 1523 ultra
278 1499 381 1536 gens,
402 1485 503 1522 nihil
520 1486 598 1522 nisi
623 1486 764 1523 fluctus
783 1494 822 1522 et
841 1499 945 1533 saxa,
967 1490 1007 1523 et
1030 1486 1247 1523 infestiores

61 1551 240 1597 Romani,
262 1563 427 1601 quorum
449 1551 667 1600 superbiam
691 1551 837 1588 frustra
856 1564 924 1601 per
948 1552 1175 1601 obsequium
1203 1565 1246 1588 ae

60 1615 287 1652 modestiam
305 1614 494 1664 effugeris,
545 1613 737 1664 Raptores
756 1615 868 1661 orbis,
885 1620 1088 1665 postquam
1109 1620 1248 1653 cuncta

61 1679 303 1716 vastantibus
332 1679 488 1716 defuere
517 1681 653 1726 terrae,
685 1678 763 1716 iam
796 1683 836 1716 et
864 1692 969 1716 mare
997 1683 1247 1727 scrutantur3

61 1745 95 1782 si
121 1744 289 1794 locuples
307 1744 429 1782 hostis
448 1747 516 1790 est,
546 1745 664 1791 avari,
686 1744 720 1781 si
741 1757 898 1794 pauper,
919 1745 1124 1791 ambitiosi,
1151 1757 1248 1794 quos

20 1812 26 1816 “
61 1820 142 1845 non
170 1807 319 1855 Oriens,
350 1821 430 1846 non
467 1808 654 1845 Occidens
690 1809 901 1846 satiaverit.
960 1809 1042 1846 Soli
1072 1810 1248 1846 omnium

61 1883 152 1921 opae
166 1875 282 1922 atque
294 1871 466 1921 inopiam
479 1871 565 1922 pari
582 1872 723 1909 affectu
738 1873 1021 1922 concupiscunt.
1063 1872 1245 1918 Auferre,

62 1935 268 1983 trucidare,
287 1948 420 1986 rapere
437 1936 543 1973 falsis
561 1937 786 1973 nominibus
804 1936 1021 1987 imperium,
1043 1941 1160 1986 atque
1179 1937 1249 1973 ubi

62 1998 311 2037 solitudinem
328 1999 486 2046 faciunt,
508 2011 641 2049 pacem
659 1999 870 2050 appellant.

78 2054 81 2055 ⁷
142 2063 309 2104 XXXI.
352 2064 511 2102 Liberos
529 2064 669 2114 cuique
686 2077 730 2101 ac
748 2065 986 2115 propinquos
1005 2077 1093 2102 suos
1107 2068 1249 2101 natum

62 2129 275 2166 carissimos
292 2141 372 2166 esse
389 2129 525 2168 voluit.
583 2129 643 2166 Hi
668 2141 737 2179 per
755 2129 927 2166 delectus
946 2129 1040 2166 alibi
1065 2127 1249 2165 servituri

62 2194 291 2231 auferuntur
302 2206 315 2241 3
359 2195 538 2244 coniuges
583 2205 818 2242 sororesque,
867 2193 1020 2230 etiamsi
1065 2191 1249 2228 hostilem

62 2252 264 2297 libidinem
282 2259 479 2309 effugiant,
498 2258 657 2315 nomine
678 2258 890 2296 amicorum
914 2261 1032 2308 atque
1049 2256 1249 2307 hospitum
