1404 2346
304 93 338 131 A
346 92 575 132 GRIOOLA
616 92 990 131 xxa—XXIV,
1189 91 1230 129 17

19 224 22 225 ⁷
53 187 100 221 ut
117 182 314 220 silentium
332 182 415 219 eius
432 193 512 218 non
524 181 684 218 timeres
696 193 709 228 3
726 180 927 217 honestius
944 179 1109 229 putabat
1123 179 1239 216 offen-

53 249 144 287 dere
160 261 276 299 quam
295 248 428 286 odisse.
590 284 596 288 ,

134 312 303 351 ΧΧΙΙΙ.
361 312 511 357 Quarta
545 314 672 348 aestas
708 308 940 355 obtinendis,
972 320 1072 359 quae
1107 319 1239 357 percu-

53 380 235 421 currerat,
254 376 463 425 insnmpta,
484 388 539 418 ac,
554 375 586 412 si
604 374 732 411 virtus
750 374 993 411 exercituum
1011 377 1051 409 et
1070 372 1238 409 Romani

53 440 220 478 nominis
246 440 369 490 gloria
399 443 609 489 pateretur,
640 438 826 476 inventus
854 438 897 474 in
921 437 1006 487 ipsa
1030 437 1239 474 Britannia

53 504 255 542 terminus.
310 502 492 552 Namque
523 501 636 539 Clota
657 505 698 539 et
727 501 924 548 Bodotria,
952 501 1096 538 diversi
1120 500 1238 537 maris

52 567 224 604 aestibus
259 579 328 616 per
359 566 590 602 immensum
621 569 807 611 revectae,
843 568 1008 613 angusto
1044 568 1238 600 terrarum

53 627 177 682 spatio
208 631 457 676 dirimuntur,
488 629 592 679 quod
619 638 707 666 tum
743 628 946 678 praesidiis
981 627 1236 675 firmabatur5

52 701 171 746 atque
197 695 322 733 omnis
347 695 504 745 propior
530 695 638 732 sinus
660 695 881 744 tenebatur,
900 693 1104 731 summotis
1127 693 1239 731 velut

53 761 95 798 in
112 762 230 799 aliam
247 761 415 799 insulam
433 761 619 799 hostibus,

132 826 296 864 XXIV.
354 825 501 871 Quinto
531 824 823 874 expeditionum
851 837 954 861 anno
982 836 1081 861 nave
1112 823 1238 874 prima

52 896 309 941 transgressus
326 891 479 940 ignotas
505 890 556 927 ad
572 889 614 927 id
631 893 785 939 tempus
806 893 942 939 gentes
960 889 1104 926 crebris
1122 888 1238 924 simul

53 967 96 992 ac
108 955 298 1005 prosperis
311 953 465 1004 proeliis
476 953 638 1000 domuit,
655 965 816 1002 eamque
831 957 982 1003 partem
998 952 1236 998 Britanniae,

52 1032 151 1069 quae
168 1018 403 1056 Hiberniam
414 1017 562 1068 aspicit,
576 1018 694 1068 copiis
712 1018 912 1064 instruxit,
929 1018 973 1054 in
990 1030 1098 1066 spem
1115 1018 1238 1067 magis

52 1095 170 1133 quam
186 1083 236 1120 ob
259 1083 516 1130 formidinem,
538 1083 572 1120 si
595 1082 752 1133 quidem
778 1082 973 1119 Hibernia
990 1081 1117 1118 medio
1135 1082 1239 1119 inter

54 1147 299 1184 Britanniam
326 1152 443 1197 atque
473 1146 709 1196 Hispaniam
736 1147 812 1183 sita
841 1150 881 1183 et
912 1145 1060 1183 Gallico
1083 1158 1238 1195 quoque

54 1211 154 1247 mari
171 1215 388 1261 opportuna
405 1211 710 1248 valentissimam
729 1211 884 1261 imperii
910 1214 1062 1261 partem
1087 1211 1238 1259 magnis

54 1274 222 1315 invicem
238 1275 373 1319 usibus
390 1275 598 1314 miscuerit.
647 1275 826 1324 Spatium
845 1276 937 1322 eius,
959 1275 992 1312 si
1010 1275 1238 1312 Britanniae

12 1343 17 1346 ”
54 1341 307 1387 comparetur,
341 1339 554 1388 angustius,
586 1339 711 1376 nostri
741 1339 859 1376 maris
890 1338 1038 1376 insulas
1068 1344 1234 1388 superat.

54 1401 187 1439 Solum
207 1402 432 1451 coelumque
450 1407 490 1439 et
511 1403 667 1452 ingenia
690 1403 895 1453 cultusque
913 1403 1115 1440 hominum
1132 1402 1238 1441 haud

53 1465 223 1502 multum
241 1479 264 1503 a
278 1465 484 1504 Britannia
497 1467 685 1504 differunt
694 1481 705 1515 3
726 1468 864 1505 melius
883 1468 1012 1505 aditus
1026 1472 1238 1518 portusque

52 1542 122 1579 per
142 1531 370 1568 commercia
397 1536 438 1568 et
464 1532 723 1581 negotiatores
749 1532 904 1581 cogniti.
961 1532 1148 1582 Agricola
1175 1545 1238 1569 ex-

52 1593 208 1644 pulsum
239 1595 428 1632 seditione
457 1595 666 1632 domestica
693 1602 818 1632 unum
849 1608 900 1633 ex
930 1587 1074 1647 regulis
1109 1581 1238 1646 gentis

54 1661 267 1707 exceperat,
287 1671 332 1696 ac
351 1658 476 1708 specie
493 1659 688 1696 amicitiae
706 1659 748 1696 in
761 1660 1011 1713 *occasionem
1028 1659 1237 1698 retinebat.

53 1721 174 1772 Saepe
206 1735 257 1759 ex
285 1735 330 1760 eo
361 1722 497 1759 audivi
524 1722 675 1772 legione
707 1735 786 1760 una
816 1728 857 1760 et
885 1724 1047 1760 modicis
1079 1724 1238 1762 auxiliis

52 1784 235 1823 debellari
269 1786 513 1837 obtinerique
548 1786 785 1824 Hiberniam
819 1800 940 1838 posse,
968 1789 1087 1838 idque
1120 1790 1238 1826 etiam

52 1849 236 1887 adversus
263 1849 510 1889 Britanniam
541 1852 802 1902 profuturum,
826 1853 859 1890 si
885 1853 1064 1891 Romana
1092 1854 1237 1903 ubique

53 1925 171 1960 arma,
190 1916 230 1951 et
246 1913 356 1952 velut
374 1928 395 1952 e
414 1921 621 1966 conspeetu
639 1916 799 1954 libertas
817 1917 1030 1955 tolleretur.

53 2020 311 2048 XXV.—Xxlx.
367 2022 452 2050 ΔΑ).
475 2012 628 2051 83.—A.
637 2025 673 2052 D.
697 2014 759 2052 84.
806 2016 990 2064 Ayricola
1008 2014 1238 2052 undertakes

105 2081 160 2105 an
187 2069 403 2117 expeditwn
435 2071 483 2120 by
502 2084 567 2108 sea
591 2073 675 2109 and
695 2073 795 2110 land
820 2080 856 2110 to
883 2074 941 2111 tlze
965 2073 1080 2111 north
1103 2073 1155 2121 of
1179 2073 1237 2110 the

104 2125 303 2174 Bodotria,
323 2128 407 2165 and
421 2129 457 2166 is
473 2135 552 2166 met>
566 2130 614 2179 by
633 2144 659 2168 a
680 2132 964 2180 confederation
985 2131 1035 2179 qs
1051 2131 1109 2168 tlte
1130 2130 1237 2169 Gale-

103 2184 253 2221 do‘nian
271 2185 382 2223 tribes
399 2186 481 2224 who
499 2188 607 2226 make
625 2203 652 2226 a
667 2190 817 2227 sudden
834 2190 919 2227 and
923 2190 1092 2238 furious
1109 2188 1237 2227 attach

104 2255 156 2279 on
173 2242 231 2280 the
250 2243 315 2282 9tlt
332 2243 464 2293 leqiom,
483 2245 550 2284 but
567 2259 632 2286 are
657 2247 875 2298 ultimately
893 2247 1073 2297 defeated.
1133 2246 1238 2297 They

155 2317 243 2346 T.A.
461 2344 464 2346 .
1105 2313 1128 2346 2
