1404 2418
178 154 199 189 6
527 151 791 190 CORNELII
823 153 887 189 TA
895 152 951 190 C'I
952 152 1010 188 TI

175 246 260 273 vm.
290 247 343 273 1x.
399 246 475 273 Aa).
508 235 698 274 ’ἴα-ΑΛ).
731 236 789 274 78.
845 234 1031 282 Sinyular
1056 241 1130 271 tact
1153 234 1200 281 qs
1221 233 1328 282 ,49νί-

227 292 318 328 cola.
384 291 445 328 He
472 292 507 328 is
538 291 742 339 appointed
770 292 816 338 by
854 291 1056 339 Vespasian
1082 303 1262 339 yovernor
1288 290 1337 338 os

225 349 444 396 Aquitania,
480 349 513 384 is
540 348 697 384 recalled
721 354 756 384 to
785 348 898 384 Rome
930 354 965 384 to
993 347 1031 383 be
1053 347 1160 384 ‘ma-de
1188 347 1325 391 comul,

226 405 309 441 and
341 418 391 441 οη
428 405 484 440 the
521 404 733 451 expiration
767 404 814 451 qf
840 404 899 440 lais
941 404 1138 449 consulate,
1176 403 1327 440 becomes

224 474 405 509 yovernor
423 460 471 507 of
479 460 643 497 Britain.

252 549 375 587 VIII.
419 549 599 584 Praeerat
616 552 708 584 tunc
727 547 948 584 Britanniae
967 547 1128 584 Vettius
1151 547 1326 592 Bolanus,
1375 589 1404 594 Ν

134 624 157 658 ἀι
174 613 358 661 placidius
377 625 491 660 quam
509 612 622 648 feroci
639 612 833 660 provincia
847 611 1004 659 dignum
1019 614 1084 647 est.
1131 610 1326 664 Tempera-

173 675 232 712 vit
267 673 447 722 Agricola
477 674 557 717 vim
592 686 710 718 suam,
740 673 985 720 ardoremque
1013 672 1248 720 compescuit,
1266 666 1326 708 'he

174 737 406 782 incresceret,
425 736 570 784 peritus
588 736 743 784 obsequi
768 736 1012 783 eruditusque
1029 736 1140 771 utilia
1161 736 1327 771 honestis

174 800 337 836 miscere.
394 798 509 834 Brevi
527 798 662 834 deinde
682 798 882 834 Britannia
899 798 1129 851 consularem
1146 797 1327 833 Petilium

176 861 359 896 Cerialem
391 861 542 908 aceepit.
606 860 838 896 Habuerunt
872 860 1036 895 virtutes
1066 860 1231 908 spatium
1267 873 1328 895 ex-

174 924 392 972 emplorum.
449 923 522 959 Sed
550 923 671 971 primo
702 921 859 958 Cerialis
888 922 1033 958 labores
1061 922 1172 958 modo
1197 925 1236 958 et
1257 921 1327 957 dis-

174 985 342 1030 crimina,
372 998 462 1021 mox
489 989 528 1021 et
554 984 711 1033 gloriam
739 983 1039 1027 communicabat
1052 996 1063 1029 ς
1091 996 1201 1031 saepe
1225 984 1325 1031 parti

175 1048 360 1084 exercitus
378 1048 420 1084 in
438 1049 749 1096 experimentum,
770 1046 971 1095 aliquando
989 1046 1193 1082 maioribus
1211 1046 1327 1095 copiis

174 1123 222 1146 ex
248 1115 388 1147 eventu
414 1111 602 1159 praefecit.
658 1110 698 1147 N
701 1123 741 1147 ec
758 1110 938 1158 Agricola
957 1122 1136 1158 umquam
1154 1108 1196 1144 in
1221 1121 1327 1144 suam

173 1174 313 1210 famam
342 1175 459 1222 gestis
487 1174 694 1210 exsultavit
708 1187 719 1219 3
753 1174 801 1209 ad
830 1178 1021 1209 auctorem
1052 1185 1094 1208 ac
1126 1172 1259 1208 ducem
1282 1178 1327 1208 ut

174 1236 347 1272 minister
378 1236 571 1272 fortunam
605 1236 802 1272 referebat.
870 1235 935 1270 Ita
968 1235 1113 1270 virtute
1147 1235 1189 1270 in
1225 1235 1326 1271 obse-

173 1298 332 1345 quendo,
353 1298 578 1334 verecundia
598 1298 639 1334 111
657 1298 905 1347 praedicando
925 1301 1034 1333 extra
1057 1297 1242 1333 invidiam
1259 1309 1327 1333 nec

172 1364 282 1396 extra
298 1361 457 1408 gloriam
475 1365 568 1397 erat.

250 1422 326 1460 IX.
387 1422 659 1459 Revertentem
698 1424 745 1459 ab
784 1423 971 1472 legatione
1015 1423 1173 1472 legionis
1216 1423 1326 1460 divus

171 1483 429 1532 Vespasianus
466 1484 568 1519 inter
601 1484 778 1532 patricios
813 1485 957 1529 ascivit,
994 1496 1036 1520 ac
1071 1484 1207 1520 deinde
1240 1497 1326 1533 pro-

137 1588 143 1597 ·
171 1545 316 1582 vinciae
355 1546 590 1600 Aquitaniae
625 1547 850 1594 praeposuit,
888 1526 1106 1594 splendidae
1140 1546 1326 1599 imprimis

137 1600 153 1609 ⁵
170 1583 718 1657 (1ίὲὡῡῆῢὶεᾩεὼῑιίὅὶεῑτειῌοῃθ
745 1621 786 1644 ac
815 1621 879 1656 spe
908 1603 1150 1654 consulatus,
1138 1609 1220 1655 joui
1247 1609 1326 1645 des-

171 1670 322 1707 tinarat
380 1669 551 1706 Credunt
585 1671 756 1719 plerique
786 1672 1016 1708 militaribus
1047 1671 1211 1719 ingeniis
1241 1671 1324 1707 sub-

171 1731 353 1768 tilitatem
382 1732 518 1778 deesse,
551 1733 640 1780 quia
670 1733 867 1769 castrensis
896 1732 1106 1768 iurisdictio
1133 1745 1262 1769 secura
1287 1737 1327 1768 et

171 1794 342 1843 obtusior)
372 1806 414 1830 ac
446 1795 557 1843 plura
585 1808 702 1831 manu
730 1808 850 1846 agens
872 1795 1119 1831 calliditatem
1146 1795 1219 1831 fori
1249 1807 1326 1831 non

171 1860 355 1892 exerceat.
411 1856 593 1905 Agricola
610 1857 776 1894 naturali
801 1849 1013 1906 prudentia,
1034 1858 1208 1906 quamvis
1225 1857 1326 1894 inter

171 1922 327 1967 togatos,
360 1919 468 1956 facile
503 1921 676 1968 iusteque
710 1921 855 1969 agebat.
911 1920 997 1956 Iam
1032 1933 1122 1957 vero
1156 1925 1326 1970 tempora

171 1993 349 2017 curarum
387 1982 725 2030 remissionumque
757 1982 903 2028 divisa3
940 1983 1007 2018 ubi
1042 1987 1250 2019 conventus
1283 1994 1325 2019 ac

171 2043 311 2079 iudicia
331 2046 537 2091 poscerent,
557 2044 692 2091 gravis,
718 2044 900 2089 intentus,
929 2057 1090 2090 severuS‚
1116 2049 1155 2082 et
1179 2044 1325 2094 saepius

172 2105 404 2152 mise1'icors3
431 2105 500 2141 ubi
521 2106 639 2143 officio
667 2106 909 2152 satisfactum,
944 2107 1050 2143 nulla.
1077 2108 1179 2145 ultra.
1204 2112 1324 2157 potes-

174 2167 263 2203 tatis
281 2180 449 2216 persona.
504 2167 716 2206 Tristitiam
734 2173 773 2204 et
790 2170 1044 2216 arrogantiam
1063 2174 1102 2206 et
1125 2169 1324 2207 avaritiam

173 2233 330 2266 exuerat
342 2243 354 2276 ,⁰
386 2243 454 2267 nec
481 2230 549 2277 illi,
585 2231 685 2279 quod
709 2235 767 2267 est
794 2232 1037 2278 rarissimum,
1070 2236 1138 2269 aut
1164 2233 1325 2270 facilitas
