1404 2346
556 580 736 629 VITA

158 711 395 762 GNAEI
441 710 475 759 J
481 709 647 760 ULII
690 709 1137 760 AGRICOLAE.

55 918 196 944 1.-——111.
255 906 411 943 Tacitus
442 905 648 954 apoloyises
665 906 740 954 for
771 905 930 955 offerinq
959 906 1168 956 biography
1197 913 1235 945 to

106 978 160 1002 an
180 978 248 1014 aye
269 964 397 1010 which,
428 963 567 1012 though,
590 964 701 1001 better
728 965 810 1001 and
835 977 937 1002 more
962 964 1117 1013 hopeful
1141 965 1235 1003 than

107 1023 166 1060 the
201 1022 346 1059 terrible
378 1021 518 1070 period
547 1021 598 1069 of
616 1021 829 1068 Domitian,
862 1035 942 1059 was
972 1022 1054 1059 still
1087 1036 1132 1060 so·
1157 1023 1235 1071 far

106 1078 357 1117 dewwralised
369 1092 412 1116 as
431 1085 466 1116 to
479 1079 612 1128 prefer
638 1079 773 1117 satire-3
791 1093 842 1116 on
859 1080 937 1117 vice
956 1086 993 1117 to
1012 1080 1070 1117 the
1082 1081 1235 1129 praises

95 1137 154 1185 ‚of
162 1138 294 1175 virtue.

135 1221 168 1258 Ι.
226 1221 427 1258 Clarorum
470 1221 644 1257 virorum
686 1221 787 1258 facta
829 1234 1031 1271 moresque
1072 1222 1234 1272 posteris

55 1287 217 1333 tradere,
246 1287 463 1336 antiquitus
484 1287 684 1332 usitatum,
712 1299 761 1323 ne
788 1287 932 1323 nostris
960 1287 1117 1336 quidem
1140 1290 1235 1323 tem-

54 1350 214 1400 poribus
255 1362 491 1399 quamquam
531 1350 722 1386 incuriosa
758 1363 915 1387 suorum
951 1354 1056 1386 aetas
1092 1350 1232 1396 omisit,

55 1413 235 1463 quotiens
256 1426 396 1463 magna
413 1413 544 1462 aliqua
565 1426 609 1449 ac
628 1413 768 1450 nobilis
787 1413 913 1450 virtus
930 1413 1027 1450 vicit
1047 1426 1092 1450 ac
1109 1426 1237 1462 super-

55 1491 184 1528 gressa
210 1482 269 1515 est
296 1478 439 1515 vitium
465 1477 596 1527 parvis
625 1478 851 1527 magnisque
881 1477 1105 1514 civitatibus
1136 1490 1236 1514 com-

56 1556 182 1589 mune,
220 1542 480 1591 ignorantiam
522 1542 619 1578 recti
663 1546 702 1578 et
740 1541 940 1580 invidiam.
1017 1541 1092 1578 Sed
1133 1541 1237 1590 apud

56 1607 200 1656 priores
229 1610 275 1644 ut
306 1619 422 1655 agere·
450 1606 567 1655 digna
598 1610 814 1643 memoratu
844 1618 1011 1655 pronum
1039 1605 1236 1655 magisque

55 1670 99 1706 in
130 1674 263 1719 aperto
295 1675 388 1716 erat,
422 1670 479 1706 ita
510 1669 779 1707 celeberrimus
811 1670 974 1719 quisque
1005 1670 1161 1719 ingenio
1188 1670 1238 1706 ad

15 1764 18 1766 .
56 1734 290 1783 prodendam
318 1735 477 1771 virtutis
504 1735 729 1772 memoriam
756 1735 839 1772 sine
866 1734 993 1784 gratia
1021 1738 1091 1771 aut
1116 1734 1237 1771 ambi-

56 1798 162 1834 tione
180 1797 301 1834 bonae
319 1801 474 1834 tantum
493 1798 749 1835 conscientiae
766 1798 891 1848 pretio
911 1797 1131 1834 ducebatur.
1173 1797 1237 1834 Ac

40 1859 231 1912 'plerique
265 1874 374 1898 suam
416 1862 491 1912 ipsi
527 1863 651 1899 vitam
692 1875 851 1899 narrare
892 1861 1074 1898 fiduciam
1109 1862 1238 1909 potius

57 1937 210 1961 morum
233 1937 349 1974 quam
378 1926 637 1974 arrogantiam
664 1926 842 1962 arbitrati
867 1930 969 1973 sunt,
995 1938 1066 1962 nec
1089 1925 1131 1962 id
1158 1924 1239 1961 Ru-

0 1998 4 2001 ·
57 1989 142 2026 tilio
161 1993 202 2026 et
223 1988 366 2026 Scauro
384 1990 482 2027 citra
499 1990 615 2027 fidem
637 1995 706 2027 aut
724 1989 996 2027 obtrectationi
1017 1990 1115 2037 fuit;
1143 1989 1238 2026 adeo

11 2079 19 2106 3
57 2053 223 2090 virtutes
241 2052 378 2090 iisdem
395 2055 634 2104 temporibus
652 2055 799 2104 optime
817 2054 1082 2100 aestimantur,
1098 2054 1238 2103 quibus

13 2135 22 2163 1,
58 2115 238 2154 facillime
265 2116 487 2165 gignuntur.
543 2119 605 2156 At
629 2131 733 2155 nunc
757 2122 962 2155 narraturo
990 2117 1089 2154 mihi
1114 2117 1238 2154 vitam

57 2179 232 2218 defuncti
255 2179 424 2219 hominis
440 2181 556 2219 venia
574 2194 669 2231 opus
690 2181 767 2218 suit
776 2195 788 2229 3
817 2194 935 2230 quam
956 2194 1036 2218 non
1056 2182 1237 2231 petissem

0 2265 30 2312 -Ἁ
57 2243 301 2282 incusat-,urus
318 2248 400 2282 tam
418 2257 532 2282 saeva
549 2249 589 2282 et
607 2245 749 2282 infesta
766 2245 980 2283 virtutibus
998 2249 1181 2296 tempora.

0 2312 102 2346 ἃμ..
145 2318 224 2346 sim.
1108 2309 1127 2346 1
