1404 2346
218 123 241 160 ει
552 122 815 161 CORNELII
848 122 913 159 ΤΑ
919 121 1036 160 CJTJ
1088 108 1094 142 s

296 209 351 245 ΙΙ.
417 208 605 256 Legimus,
649 220 767 256 quum
809 206 983 243 Aruleno
1026 205 1185 241 Rustico
1229 204 1367 242 Paetus

219 272 391 317 Thrasea,
423 271 620 308 Herennio
653 269 851 307 Senecioni
879 269 1031 305 Priscus
1059 267 1265 304 Helvidius
1291 267 1368 304 lau-

220 336 300 371 dati
324 338 458 380 essent,
483 334 643 382 capitale
667 333 792 378 fuisse,
818 344 940 380 neque
963 332 1005 367 in
1028 331 1129 379 ipsos
1152 330 1262 366 modo
1286 342 1370 366 auc-

221 402 330 442 tores,
356 397 422 432 sed
445 397 487 432 in
510 396 627 432 libros
650 407 801 444 quoque
825 406 955 430 eorum
979 393 1175 442 saevitum,
1201 391 1369 440 delegato

220 460 430 495 triumviris
465 459 688 501 ministerio,
719 462 765 494 ut
799 460 1046 493 monumenta
1080 456 1369 492 clarissimorum

219 522 456 570 ingeniorum
475 521 517 556 in
535 520 687 556 comitio
703 532 746 556 ac
767 519 848 555 foro
865 522 1076 556 urerentur.
1132 517 1284 554 Scilicet
1303 518 1370 554 illo

220 583 306 631 igne
333 595 463 619 vocem
490 582 621 630 populi
651 581 816 617 Romani
846 589 884 617 et
911 581 1126 617 libertatem
1154 584 1306 617 senatus
1332 584 1371 616 et

220 645 485 682 conscientiam
522 644 669 693 generis
705 644 862 680 humani
899 643 1041 679 aboleri
1077 643 1368 690 arbitrabantur,

220 708 387 757 expulsis
413 708 569 755 insuper
594 707 801 755 sapientiae
826 706 1098 754 professoribus
1127 709 1242 753 atque
1270 705 1368 740 omni

223 771 319 806 bona
342 776 424 806 arte
447 770 488 805 in
508 769 665 805 exilium
689 771 783 813 acta,
809 780 859 803 ne
882 767 975 816 quid
992 779 1152 815 usquam
1172 766 1371 802 honestum

221 835 440 868 occurreret.
497 831 682 867 Dedimus
700 830 866 878 profecto
884 829 1026 877 grande
1042 828 1249 877 patientiae
1267 828 1374 864 docu-

220 897 393 930 mentum
403 905 414 939 3
442 896 481 929 et
505 893 603 928 sicut
626 896 736 928 vetus
760 895 863 928 aetas
887 892 997 938 vidit,
1016 892 1108 941 quid
1131 891 1310 927 ultimum
1332 891 1374 927 in

220 955 395 991 libertate
415 959 522 1000 esset,
542 955 598 990 ita
621 966 699 999 nos,
721 954 813 1002 quid
836 954 878 989 in
903 954 1094 999 servitute,
1115 953 1290 1001 adempto
1307 965 1375 1002 per

190 1017 485 1069 inquisitiones
515 1017 630 1052 etiam
657 1016 836 1064 loquendi
864 1015 1118 1064 audiendique
1141 1015 1371 1069 commercio.

224 1069 445 1117 Memoriam
473 1093 622 1128 quoque
646 1080 765 1128 ipsam
794 1092 880 1115 cum
903 1091 994 1114 voce
1018 1071 1317 1126 perdidissemus
1343 1078 1375 1113 si

220 1149 301 1179 tam
319 1144 361 1179 in
379 1147 510 1179 nostra
528 1146 715 1190 potestate
734 1145 830 1177 esset
849 1141 1018 1176 oblivisci
1036 1153 1150 1189 quam
1167 1144 1300 1177 tacere.

300 1205 379 1243 III.
436 1206 552 1241 Nunc
579 1205 730 1241 demum
757 1204 856 1240 redit
880 1204 1028 1239 animus
1037 1215 1047 1249 3
1081 1207 1120 1239 et
1148 1215 1375 1252 quamquam

223 1269 343 1317 primo
368 1268 497 1305 statim
520 1267 729 1303 beatissimi
754 1266 868 1302 seculi
893 1270 981 1302 ortu
1006 1265 1136 1301 Nerva
1159 1265 1296 1302 Caesar
1317 1278 1375 1302 res

223 1333 314 1367 olim
345 1330 597 1367 dissociabiles
628 1329 832 1374 miscuerit,
865 1328 1122 1376 principatum
1152 1340 1196 1364 ac
1226 1328 1376 1364 liberta-

223 1401 310 1440 tem,
335 1398 545 1441 augeatque
570 1393 738 1442 quotidie
766 1392 987 1428 felicitatem
1009 1395 1220 1440 temporum
1247 1391 1377 1428 Nerva

225 1457 420 1501 Traianus,
439 1468 508 1492 nec
530 1468 634 1503 spem
658 1455 769 1491 modo
787 1468 829 1491 ac
847 1459 982 1491 votum
1004 1454 1192 1491 Securitas
1215 1453 1373 1502 publica,

224 1519 289 1555 sed
313 1519 430 1567 ipsius
454 1519 535 1553 voti
561 1519 738 1554 fiduciam
762 1530 804 1553 ac
828 1517 942 1553 robur
965 1517 1216 1565 assumpserit,
1239 1519 1377 1552 natura]

226 1589 352 1618 tamen
376 1581 619 1617 >infirmitatis
653 1581 839 1616 humanae
869 1579 1047 1621 *tardiora
1087 1583 1178 1615 sunt
1213 1579 1378 1615 remedia

224 1659 340 1694 quam
358 1646 457 1682 mala
466 1658 476 1690 3
506 1648 545 1681 et
567 1648 610 1680 ut
629 1657 783 1692 corpora
799 1647 927 1679 nostra
948 1643 1049 1679 lente
1068 1646 1282 1690 augescunt,
1302 1643 1385 1678 cito

226 1709 515 1760 extinguuntur,
534 1709 586 1743 sic
603 1708 756 1755 ingenia
773 1707 972 1754 studiaque
990 1705 1215 1754 oppresseris
1232 1705 1377 1741 facilius

227 1783 341 1819 quam
357 1771 600 1806 revocaveris.
659 1770 770 1806 Subit
787 1769 927 1818 quippe
946 1769 1062 1805 etiam
1083 1768 1201 1816 ipsius
1217 1769 1377 1805 inertiae

227 1832 395 1878 dulcedo,
434 1835 472 1868 et
506 1831 629 1867 invisa
663 1831 786 1880 primo
817 1830 959 1867 desidia
993 1835 1182 1878 postremo
1217 1834 1374 1867 amatur.

229 1895 353 1938 Quid?
386 1894 419 1930 si
444 1907 512 1942 per
538 1894 753 1942 quindecim
779 1906 907 1939 annm,
936 1892 1077 1941 grande
1103 1893 1273 1929 mortalis
1295 1893 1378 1929 aevi

227 1957 403 2006 spatium,
433 1956 546 1992 multi
574 1955 742 2009 fortuitis
767 1955 923 2024 casibuls,
953 1954 1256 2003 promptissimus
1282 1955 1380 2003 quis-

228 2034 301 2069 que
336 2020 495 2057 saevitia
534 2018 715 2067 principis
753 2017 1041 2061 interciderunt,
1076 2017 1197 2065 pauci,
1234 2021 1283 2063 et,
1319 2018 1379 2053 uti

227 2083 400 2128 dixerim,
431 2094 507 2118 non
538 2082 648 2118 modo
676 2081 847 2125 aliorum,
877 2079 942 2116 sed
968 2079 1083 2116 etiam
1109 2079 1231 2116 nostri
1257 2091 1380 2128 snper-

227 2146 336 2182 stites
359 2157 500 2190 sumus,
519 2144 705 2192 exemptis
729 2155 749 2179 c
771 2142 998 2180 media-vita
1021 2145 1081 2178 tot
1104 2142 1223 2188 annis,
1245 2141 1380 2192 quibus

226 2207 381 2244 iuvenes
410 2207 457 2244 ad
485 2209 727 2253 senectutem,
753 2218 858 2242 senes
884 2218 1000 2254 prope
1027 2205 1075 2243 ad
1101 2205 1201 2254 ipsos
1227 2207 1380 2242 exactae
