1384 2378
177 137 227 174 28
521 134 785 174 CORNELII
819 134 1000 173 TACJTJ

177 226 217 259 et
235 225 367 259 exacta
390 222 466 258 iam
487 225 628 257 aestate
652 209 777 269 spargi
797 219 940 256 bellum
961 220 1151 268 nequibat,
1173 220 1214 256 in
1237 220 1330 257 fines

177 284 422 321 Borestorum
457 283 666 320 exercitum
697 282 857 319 deducit.
913 281 976 318 Ibi
1006 283 1166 331 acceptis
1196 282 1330 318 obsidi-

176 346 258 391 bus,
294 346 482 395 praefecto
520 345 646 381 elassis
681 343 911 381 circumvehi
951 343 1189 379 Britanniam
1226 356 1330 392 prae-

176 408 278 457 cipit.
335 408 456 444 Datae
474 408 522 443 ad
540 407 580 443 id
598 407 706 452 vires,
727 410 766 442 et
786 410 1036 455 praecesserat
1055 410 1185 444 terror.
1242 407 1329 455 Ipse

176 471 343 519 peditem
379 474 492 518 atque
527 469 672 518 equites
707 469 811 505 lento
846 469 991 515 itinere,
1031 481 1106 517 quo
1143 481 1329 505 novarum

175 534 347 582 gentium
383 534 501 570 animi
535 533 616 582 ipsa
649 524 833 569 transitus
867 544 972 568 mora
1007 535 1249 577 terrerentur,
1287 532 1329 567 in

175 595 343 631 hibernis
370 595 526 640 locavit3
559 599 597 631 et
623 595 736 631 simul
763 594 887 631 classis
916 594 1079 629 secunda
1108 597 1328 642 tempestate

175 670 217 694 ac
252 658 353 693 fama.
389 658 654 694 Trutulensem
684 661 836 706 portum
862 657 999 702 tenuit,
1027 656 1128 692 unde
1157 656 1328 704 proximo

175 719 398 756 Britanniae
415 720 532 756 latere
550 720 647 756 lecto
665 719 769 756 onmi
785 719 956 755 redierat.

251 783 456 820 XXXIX.
513 783 631 820 Hunc
648 795 776 823 rerum
794 794 953 826 clusum,
972 794 1200 830 quamquam
1221 781 1329 835 nulla

174 846 373 882 verborum
413 846 593 882 iactantia
628 845 796 894 epistolis
833 844 1034 892 Agricolae
1073 848 1237 889 auctum,
1266 838 1329 880 uit

175 909 398 974 Domitiano
429 909 543 946 moris
571 896 664 961 erat}
691 909 815 945 fronte
846 908 978 952 laetus,
1011 910 1159 955 pectore
1189 905 1327 942 anxius

150 993 153 998 ν
174 974 333 1021 excepit.
378 973 509 1009 Inerat
528 971 754 1009 conscientia
772 970 913 1007 derisui
926 970 1040 1006 fuisse
1054 981 1175 1017 nuper
1192 969 1326 1005 falsum

175 1049 195 1073 e
210 1036 414 1073 Germania
427 1035 675 1083 triumphum,
692 1035 828 1082 emptis
841 1045 909 1082 per
922 1031 1152 1074 commercia,
1166 1043 1327 1079 quorum

173 1099 326 1135 habitus
345 1102 384 1135 et
405 1098 526 1134 crines
546 1098 588 1134 in
612 1097 846 1146 captivorum
869 1096 1029 1145 speeiem
1054 1096 1327 1141 formarentur3

173 1165 214 1197 at
248 1173 350 1197 nunc
386 1173 515 1196 veram
550 1170 800 1208 magnamque
837 1158 1036 1194 victoriam
1073 1161 1133 1193 tot
1173 1156 1327 1192 milibus

173 1224 339 1260 hostium
358 1223 472 1259 caesis
489 1222 637 1271 ingenti
654 1223 754 1258 fama
771 1220 960 1258 celebrari.
1007 1219 1055 1255 Id
1073 1219 1145 1255 sibi
1162 1218 1327 1254 maxime

173 1286 466 1331 formidolosum,
490 1285 631 1334 privati
654 1283 817 1321 hominis
843 1295 982 1319 nomen
1007 1294 1121 1330 supra
1146 1280 1327 1329 principis

173 1349 300 1386 attolli
306 1361 318 1395 3
348 1349 489 1384 frustra
519 1347 645 1384 studia
676 1347 748 1383 fori
778 1350 818 1382 et
846 1345 1016 1382 civilium
1047 1343 1187 1380 artium
1215 1342 1327 1378 decus

172 1410 215 1446 in
233 1409 428 1446 silentium
446 1413 538 1454 acta,
552 1408 585 1444 si
602 1407 804 1443 militarem
816 1405 976 1454 gloriam
993 1404 1090 1440 alius
1108 1410 1306 1451 occuparet
1314 1415 1326 1448 3

173 1475 213 1507 et
247 1475 371 1507 cetera
405 1475 611 1519 utcumque
646 1469 794 1505 facilius
829 1466 1068 1510 dissimulari,
1102 1465 1207 1501 ducis
1237 1464 1327 1500 boni

171 1534 453 1583 imperatoriam
475 1534 659 1569 virtutem
680 1543 767 1567 esse.
822 1530 975 1566 Talibus
1000 1527 1100 1564 curis
1127 1526 1323 1570 exercitus,

172 1599 348 1647 quodque
366 1609 497 1634 saevae
516 1595 755 1644 cogitationis
772 1593 954 1630 indicium
973 1594 1064 1636 erat,
1093 1592 1234 1626 secreto
1259 1601 1326 1625 suo

172 1661 340 1705 satiatus,
354 1659 541 1708 optimum
561 1658 600 1693 in
617 1655 827 1706 praesentia
841 1654 977 1690 statuit
989 1664 1169 1700 reponere
1183 1650 1322 1695 odium,

172 1723 290 1759 donec
316 1723 479 1771 impetus
505 1721 626 1767 famae
654 1722 692 1756 et
716 1719 823 1754 favor
847 1715 1034 1752 exercitus
1055 1714 1321 1761 languesceret.

173 1783 275 1821 Nam
293 1785 493 1820 etiamtum
510 1781 691 1830 Agricola
709 1779 948 1816 Britanniam
965 1776 1171 1813 obtinebat.

171 1899 391 1927 xri—XLVI.
433 1897 514 1924 A.D.
548 1886 700 1923 84.—A.
710 1895 746 1922 D.
780 1883 838 1920 93.
897 1880 1026 1918 Recall
1059 1879 1106 1928 qs
1131 1879 1160 1915 A
1168 1878 1320 1927 yricola.

223 1946 301 1982 His
335 1945 416 1982 cold
452 1943 634 1992 ‘reception
671 1942 717 1989 by
753 1940 808 1977 the
848 1939 1043 1987 Emperor.
1098 1936 1174 1973 His
1210 1948 1324 1983 qrow-
1375 1942 1381 1957 ³

223 2003 292 2050 inq
324 2001 547 2050 popularity
585 1999 664 2036 and
699 2002 916 2044 consequent
952 1995 1095 2042 danyer
1117 1993 1227 2041 from
1267 1992 1324 2028 the

184 2069 186 2071 ’
223 2058 435 2107 Emperor’s
458 2057 644 2106 jealousy.
703 2055 763 2091 He
798 2053 956 2090 declines
990 2065 1016 2088 a
1049 2048 1320 2086 Proconsulate.

222 2116 301 2151 His
318 2114 448 2158 death,;
472 2114 521 2150 its
538 2111 745 2160 suspicions
763 2109 1066 2150 circumstances;
1093 2106 1178 2152 why
1194 2117 1323 2152 oppor-

223 2177 312 2207 tune
342 2171 423 2207 asad
450 2176 485 2207 to
517 2170 554 2207 be
581 2167 734 2206 desired.
792 2164 1026 2212 Concludinq
1054 2161 1247 2211 reflectione
1275 2172 1325 2196 οη

222 2227 405 2276 Ayricola.
