1404 2346
154 165 159 169 ,
182 136 229 173 12
519 136 784 176 CORNELII
818 140 881 176 TA
891 140 1004 178 OITJ

180 219 386 268 relegatum
415 219 456 256 in
487 221 562 257 alia
592 221 716 258 insula
748 223 958 260 exercitum
989 224 1225 263 detinerent:
1261 226 1335 263 iam

179 281 289 330 ipsos,
331 283 434 330 quod
472 279 734 320 difficillimum
773 285 898 331 fuerit,
948 286 1162 325 deliberare.
1219 287 1337 326 Porro

179 344 219 380 in
262 344 445 381 eiusmodi
486 345 651 381 consiliis
694 347 939 395 periculosius
983 361 1062 385 esse
1106 350 1336 398 deprehendi

178 419 292 455 quam
311 408 458 445 audere.

255 469 375 506 XVI.
430 470 506 507 His
532 475 647 520 atque
673 472 813 509 talibus
839 473 1002 510 invicem
1027 475 1208 523 instincti,
1237 475 1336 513 Bou-

179 532 293 579 dicea,
316 533 463 581 generis
490 534 584 582 regii
611 534 760 582 femina,
791 536 884 572 duce
913 537 1048 586 (neque
1075 539 1177 574 enim
1204 552 1336 575 sexum

179 595 220 630 in
255 594 422 642 imperiis
457 595 691 646 discernunt)
734 610 925 646 sumpsere
966 601 1134 637 universi
1173 601 1335 648 bellum3

178 669 221 693 ac
252 669 397 705 sparsos
419 670 486 705 per
512 659 665 695 castella
690 660 832 697 milites
861 664 1075 709 consectati,
1110 666 1336 713 expugnatis

178 719 373 767 praesidiis
391 720 512 768 ipsam
530 720 714 757 coloniam
732 722 903 759 invasere
922 729 966 760 ut
985 725 1110 760 sedem
1129 726 1333 763 servitutis.

179 781 262 818 Nec
292 781 414 818 ullum
443 783 486 818 in
513 783 682 820 barbaris
710 786 889 822 saevitiae
916 799 1035 834 genus
1064 788 1191 824 omisit
1214 788 1271 824 ira
1299 794 1338 825 et

178 843 345 880 victoria.
403 844 513 888 Quod
531 846 606 882 nisi
625 845 810 884 Paulinus
828 850 977 896 cognito
996 851 1210 898 provinciae
1229 855 1336 887 motu

178 919 334 956 propere
372 908 619 956 subvenisset,
657 910 793 947 amissa
829 910 1031 948 Britannia
1065 913 1182 960 foret3
1223 927 1336 963 quam

178 971 292 1006 unius
310 971 442 1019 proelii
460 971 611 1008 fortuna
629 973 751 1009 veteri
765 974 973 1022 patientiae
994 977 1172 1021 restituit,
1192 976 1337 1025 (tenen-

177 1033 280 1069 tibus
310 1045 416 1069 arma
445 1032 644 1082 plerisque,
672 1047 766 1083 quos
794 1036 1022 1072 conscientia
1051 1037 1270 1073 defectionis
1298 1042 1336 1074 et

177 1096 332 1144 propius
374 1108 421 1132 ex
461 1097 583 1145 legato
618 1098 735 1134 timor
776 1098 972 1147 agitabat),
1014 1100 1066 1151 gij
1105 1113 1333 1149 quamquam
1369 1126 1375 1130 ·

178 1160 349 1207 egregius
385 1163 509 1204 cetera
550 1166 772 1209 arroganter
806 1162 848 1198 in
885 1163 1041 1209 deditos,
1081 1167 1129 1207 et,
1166 1167 1211 1200 ut
1246 1177 1335 1200 suae

177 1220 359 1270 cuiusque
394 1222 555 1259 iniuriae
594 1224 707 1269 ultor,
748 1225 879 1261 durius
919 1226 1138 1262 consuleret.
1196 1226 1337 1262 Missus

177 1284 298 1332 igitur
336 1284 541 1322 Petronius
579 1286 824 1335 Turpilianus
869 1292 1063 1336 tamquam
1111 1289 1338 1325 exorabilior

178 1351 217 1383 et
243 1347 391 1384 delictis
419 1348 587 1385 hostium
615 1361 737 1385 novus
766 1362 883 1399 eoque
913 1351 1168 1399 poenitentiae
1192 1351 1330 1396 mitior,

178 1410 395 1458 compositis
438 1412 628 1459 prioribus
680 1412 776 1448 nihil
830 1413 933 1449 ultra
985 1426 1098 1450 ausus
1150 1413 1338 1450 Trebellio

178 1471 352 1509 Maximo
382 1474 617 1522 provinciam
647 1476 814 1513 tradidit.
872 1476 1081 1513 Trebellius
1113 1477 1262 1525 segnior
1297 1480 1336 1512 et

177 1536 294 1572 nullis
308 1540 516 1573 castrorum
528 1539 796 1586 experimentis
811 1540 987 1576 comitate
1001 1540 1164 1588 quadam
1179 1539 1336 1576 curandi

165 1599 409 1647 ‘provinciam
447 1602 583 1638 tenuit.
641 1601 818 1639 Didicere
867 1603 944 1639 iam
986 1603 1139 1639 barbari
1186 1617 1336 1653 quoque

178 1662 370 1708 ignoscere
389 1661 495 1698 vitiis
513 1662 808 1710 blandientibus,
833 1669 872 1700 et
899 1665 1141 1701 interventus
1169 1666 1338 1702 civilium

178 1735 371 1760 armorum
388 1725 564 1772 praebuit
582 1725 723 1762 iustam
741 1727 922 1775 segnitiae
942 1728 1232 1765 excusationem.
1264 1728 1338 1765 Sed

179 1785 367 1822 discordia
402 1786 630 1833 laboratum,
672 1801 790 1836 quum
826 1793 999 1825 assuetus
1031 1789 1339 1838 expeditionibus

178 1847 288 1884 miles
331 1848 409 1884 otio
458 1848 659 1887 lasciviret.
716 1850 936 1897 Trebellius,
974 1851 1064 1899 fuga
1108 1864 1151 1887 ac
1182 1851 1339 1888 latebris

175 1910 303 1947 evitata
323 1912 512 1948 exercitus
538 1912 595 1948 ira
619 1912 817 1949 indecorus
843 1917 958 1962 atque
982 1914 1148 1960 humilis,
1169 1914 1338 1963 precario

171 1979 270 2010 ‘mox
288 1974 461 2023 praefuit,
486 1987 530 2011 ac
549 1975 657 2012 velut
681 1976 783 2024 pacti
810 1977 998 2013 exercitus
1025 1977 1230 2022 licentiam,
1258 1976 1336 2012 dux

180 2039 342 2075 salutem
351 2051 363 2086 3
391 2043 431 2075 et
448 2039 582 2075 seditio
601 2039 682 2076 sine
699 2040 884 2088 sanguine
902 2040 1020 2077 stetit.
1074 2039 1157 2076 Nec
1175 2039 1339 2076 Vettius

181 2100 358 2147 Bolanus,
391 2102 634 2139 manentibus
661 2102 785 2139 adhuc
816 2103 992 2140 civilibus
1020 2103 1140 2147 bellis,
1176 2102 1338 2151 agitavit

182 2163 425 2202 Britanniam
459 2165 665 2214 disciplina.
721 2164 867 2202 Eadem
901 2165 1041 2201 inertia
1077 2177 1165 2214 erga
1198 2164 1337 2206 hostes,

179 2225 314 2264 similis
362 2227 576 2276 petulantia
625 2230 844 2274 castrorum,
891 2226 966 2263 nisi
1011 2226 1112 2276 quod
1159 2226 1338 2262 innocens
