1404 2346
295 131 563 174 AGRIGOLA
601 133 991 173 xxx-XXXII.
1184 135 1236 173 23

49 229 142 264 sunt
155 238 167 273 ς
192 228 263 263 aut
279 224 390 262 nulla
407 224 599 274 plerisque
618 223 747 273 patria
764 226 835 260 aut
856 222 934 260 alia
959 226 1028 262 est.
1086 222 1236 261 Paucos

49 302 220 337 numero,
250 289 421 338 trepidos
456 288 685 338 ignorantia,
718 287 867 325 coelum
898 288 1027 338 ipsum
1057 299 1101 325 ac
1130 299 1237 326 mare

50 359 91 391 et
113 353 238 400 silvas,
258 353 392 402 ignota
415 353 554 399 omnia,
580 352 954 402 circumspectantes,
975 353 1124 391 clausos
1145 367 1237 404 quo-

50 417 252 454 dammodo
270 429 315 453 ac
332 417 483 454 vinctos
503 416 559 454 dii
576 416 687 453 nobis
706 416 963 454 tradiderunt.
1008 416 1072 455 Ne
1091 422 1237 456 terreat

50 496 174 520 vanus
208 486 384 533 aspectus
415 487 455 519 et
492 482 579 520 auri
615 482 744 532 fulgor
779 487 897 533 atque
934 483 1097 533 argenti,
1133 483 1237 534 quod

53 560 179 598 neque
209 549 309 597 tegit
343 560 470 598 neque
506 547 698 585 vulnerat.
756 547 806 585 In
834 548 918 598 ipsa
947 547 1120 586 hostium
1156 548 1237 585 acie

49 613 290 650 inveniemus
311 616 461 649 nostras
488 625 652 659 manus3
679 618 888 662 agnoscent
914 612 1098 650 Britanni
1126 624 1237 650 suam

50 691 235 722 caussam,
286 677 593 714 recordabuntur
639 677 744 716 Galli
788 677 958 726 priorem
1002 677 1234 723 libertatem,

49 742 227 779 deserent
253 741 341 778 illos
365 742 484 778 ceteri
509 741 705 788 Germani,
733 746 934 791 tamquam
961 754 1087 791 nuper
1104 741 1238 791 Usipii

49 808 328 857 relinquerunt.
387 806 471 843 Nec
490 807 699 856 quicquam
722 805 826 843 ultra
844 806 1087 853 formidinis3
1114 817 1238 843 vacua

51 870 217 918 castella,
237 882 374 907 senum
392 870 574 916 coloniae,
594 869 700 906 inter
717 870 817 907 male
828 873 1015 923 parentes
1034 873 1074 907 et
1091 869 1238 913 iniuste

49 936 283 986 imperantes
301 949 415 985 aegra
432 936 646 985 municipia
663 939 703 973 et
722 935 991 972 discordantia.
1040 935 1126 980 Hic,
1142 935 1235 982 dux,

49 999 114 1037 hic
131 1000 324 1037 exercitus
340 1013 352 1047 3
381 1000 463 1036 illic
486 1000 637 1037 tributa
655 1004 695 1037 et
713 1000 872 1037 metalla
890 1004 930 1037 et
948 1005 1097 1038 ceterae
1122 1002 1238 1038 servi-

50 1063 200 1100 entium
217 1076 372 1113 poenae,
393 1076 488 1113 quas
519 1064 563 1100 in
591 1067 793 1100 aeternum
812 1064 980 1112 perferre
1005 1068 1075 1101 aut
1103 1064 1238 1101 statim

49 1129 180 1166 ulcisci
206 1129 250 1166 in
280 1129 352 1165 hoc
379 1141 512 1178 campo
543 1132 609 1165 est.
668 1128 837 1165 Proinde
862 1129 960 1165 ituri
985 1128 1030 1165 in
1056 1129 1178 1166 aciem
1197 1135 1238 1166 et

49 1193 211 1230 maiores
229 1198 376 1229 vestros
395 1197 435 1230 et
454 1198 626 1242 posteros
645 1193 821 1242 cogitate.

51 1299 387 1327 miltun—XXXIV.
437 1287 650 1336 Ayricola’s
667 1287 824 1324 address
847 1292 883 1324 to
905 1287 965 1324 his
986 1293 1120 1336 troops.
1176 1287 1238 1326 He

103 1347 273 1384 reminds
304 1347 402 1383 them
430 1347 478 1394 qf
497 1346 555 1383 the
585 1359 745 1394 cour-aye
769 1345 853 1382 and
876 1346 1092 1383 endurance
1115 1346 1238 1384 which

102 1418 210 1442 seven
226 1404 345 1452 years'
366 1405 541 1452 military
559 1404 695 1441 service
714 1403 783 1440 has
803 1404 925 1449 tested,
952 1403 1000 1451 qf
1012 1403 1070 1441 the
1092 1405 1238 1453 ‘conique

104 1463 295 1500 character
333 1462 382 1511 qs
416 1463 512 1500 their
555 1462 832 1507 achievements,
877 1461 928 1510 of
971 1461 1068 1499 their
1117 1463 1239 1511 despe-

102 1526 183 1558 rate
214 1521 393 1570 position,
428 1520 477 1567 of
509 1520 604 1557 their
645 1519 816 1567 ylorious
858 1520 941 1567 end,
976 1520 1113 1558 should
1152 1522 1239 1570 they

102 1579 142 1617 be
177 1579 442 1628 overpowered,
480 1578 525 1614 in
566 1577 659 1614 these
702 1583 837 1614 remote
882 1578 965 1615 and
1004 1579 1242 1627 uneoeplored

101 1638 260 1685 regions.
319 1637 396 1674 Tha
432 1650 573 1685 enemy,
611 1635 655 1672 he
691 1641 868 1683 suyyests,
912 1636 983 1673 has
1027 1637 1134 1674 stood
1177 1638 1239 1675 his

100 1695 256 1743 qrou‘nd
277 1695 407 1732 rather
427 1695 554 1731 under
579 1693 636 1731 the
657 1693 844 1742 irfiuence
870 1693 920 1742 of
929 1694 1051 1743 panic
1076 1695 1172 1733 than
1197 1696 1248 1745 of

100 1753 234 1801 steady
252 1753 449 1790 deliberate
468 1752 640 1800 bravery.

130 1826 345 1864 XXXIII.
385 1827 582 1876 Excepere
601 1826 815 1864 orationem
833 1826 987 1873 alacres,
1004 1831 1052 1864 ut
1065 1828 1240 1865 barbaris

50 1890 180 1936 moriS,
198 1895 317 1928 cantu
333 1891 569 1940 fremituque
591 1894 631 1927 et
652 1891 882 1928 clamoribus
904 1891 1077 1928 dissonis.
1136 1891 1240 1928 Iam-

52 1969 128 2006 que
155 1957 318 2006 agmina,
347 1960 388 1993 et
413 1969 608 1993 armorum
635 1957 801 2005 fulgores
825 1957 1094 1994 audentissimi
1117 1957 1240 1994 cuius-

53 2031 129 2069 que
146 2032 331 2069 procursu
335 2033 346 2067 3
366 2020 482 2057 simul
499 2020 766 2057 instruebatur
778 2021 888 2067 acies,
906 2034 1028 2070 quum
1042 2020 1239 2070 Agricola,

173 2067 300 2078 ,βψ-σὴ

54 2095 288 2133 quamquam
332 2083 479 2121 laetum
525 2088 565 2121 et
614 2086 684 2121 vix
730 2084 985 2121 munimentis
1033 2084 1238 2121 coercitum

52 2146 220 2183 militem
237 2147 521 2184 accendendum
539 2147 664 2184 adhuc
683 2152 802 2194 ratus,
823 2148 881 2184 ita
899 2147 1081 2184 disseruit
1097 2160 1105 2184 :

135 2209 306 2247 Octavus
323 2223 446 2248 annus
463 2215 532 2257 est,
553 2211 843 2258 commilitones,
863 2225 914 2248 ex
931 2224 1008 2262 quo
1030 2212 1179 2250 virtute
1200 2217 1241 2250 et

51 2273 235 2324 auspiciis
268 2273 422 2325 imperii
458 2274 640 2322 Romani,
677 2274 753 2312 fide
793 2279 910 2326 atque
953 2289 1070 2327 opera
1110 2281 1241 2315 vestra
