1384 2378
165 100 213 138 30
303 83 309 92 “
503 101 767 140 CORNELII
802 102 865 140 TA
872 102 992 142 (ΠΝ

164 197 250 222 cum
268 184 405 232 amissi,
430 189 488 222 tot
514 188 697 224 militares
723 187 798 224 viri
824 200 910 224 cum
935 192 995 225 tot
1022 188 1237 226 cohortibus
1261 202 1325 227 ex-

163 248 325 296 pugnati
349 252 390 284 et
415 249 517 297 capti
530 262 541 295 3
567 262 636 286 nec
659 250 737 286 iam
765 250 811 286 de
839 250 962 287 limite
991 251 1141 300 imperii
1166 256 1205 288 et
1229 253 1324 302 ripa,

165 309 231 345 sed
265 310 312 346 de
341 310 508 347 hibernis
537 311 728 359 legionum
756 316 795 348 et
830 313 1061 360 possessione
1090 313 1321 352 dubitatum.

165 371 230 408 Ita
253 384 339 408 cum
367 372 505 409 damna
533 373 679 409 damnis
711 374 1034 421 continuarentur,
1064 378 1177 423 atque
1203 376 1325 412 omnis

164 446 286 471 annus
318 435 514 471 funeribus
546 439 584 472 et
622 436 790 473 cladibus
818 438 1072 486 insigniretur,
1103 439 1326 487 poscebatur

165 508 231 532 ore
266 496 372 545 vulgi
404 497 482 533 dux
518 497 709 546 Agricola,
748 500 1054 548 comparantibus
1091 502 1235 538 cunctis
1269 503 1325 538 vi-

165 572 293 608 gorem
325 564 364 597 et
402 562 654 597 constantiam
694 566 734 598 et
771 567 971 611 expertum
1008 564 1118 600 bellis
1156 565 1326 601 animum

165 636 253 659 cum
290 624 430 660 inertia
465 627 504 660 et
539 625 739 661 formidine
775 629 993 664 ceterorum.
1074 627 1220 671 Quibus
1254 641 1325 665 ser-

164 685 340 722 monibus
367 686 460 722 satis
495 691 641 723 constat
676 687 891 724 Domitiani
925 702 1073 738 quoque
1103 703 1212 731 aures
1245 703 1325 727 ver-

165 748 324 795 beratas,
361 740 454 799 dux—n
489 737 656 798 optimus
690 750 850 799 quisque
881 751 1104 788 libertorum
1132 766 1257 790 amore
1286 758 1325 789 et

165 812 249 858 fide,
282 803 437 861 pessi—iffi
465 813 702 866 malignitate
731 818 770 850 et
798 814 916 851 livore
944 828 1107 864 pronum
1135 816 1325 852 deteriori-

165 875 235 912 bus
258 876 466 925 principem
485 877 788 915 exstimulabant
844 878 906 915 Sic
920 879 1099 927 Agricola
1116 879 1229 916 simul
1247 880 1325 916 suis

164 939 384 984 virtutibus,
422 939 535 975 simul
575 927 679 976 vitiis
708 926 882 976 aliorum
924 940 966 977 in
1006 941 1127 990 ipsam
1165 941 1325 990 gloriam

164 1012 339 1050 praeceps
357 1001 549 1049 agebatur.

243 1062 377 1101 XLII.
451 1063 599 1100 Aderat
635 1064 709 1100 iam
747 1077 878 1112 annus,
912 1077 986 1115 quo
1018 1065 1323 1115 proconsulatum

164 1124 282 1161 Asiae
317 1129 357 1161 et
387 1125 543 1162 Africae
578 1127 787 1170 sortiretur,
823 1131 863 1163 et
898 1128 1015 1163 occiso
1048 1127 1177 1164 Civica
1203 1141 1325 1177 nuper

164 1200 233 1224 nec
259 1188 461 1236 Agricolae
486 1188 685 1224 consilium
707 1189 835 1225 deerat
859 1202 926 1226 nec
951 1190 1171 1227 Domitiano
1200 1204 1323 1228 exem-

165 1250 281 1299 plum.
336 1251 538 1287 Accessere
569 1252 724 1300 quidam
753 1253 1026 1301 cogitationum
1056 1253 1235 1302 principis
1262 1266 1323 1302 pe-

164 1313 241 1359 riti,
262 1312 330 1362 qui
345 1313 518 1349 iturusne
536 1318 633 1349 esset
659 1313 702 1349 in
727 1314 960 1362 provinciam
986 1315 1087 1351 ultro
1105 1315 1324 1363 Agricolam

163 1375 451 1424 interrogarent.
505 1376 566 1412 Ae
588 1376 711 1425 primo
737 1377 920 1413 occultius
947 1378 1114 1426 quietem
1138 1383 1178 1415 et
1202 1379 1323 1415 otium

164 1439 328 1485 laudare,
367 1451 459 1475 mox
495 1451 645 1488 operam
681 1453 787 1476 suam
822 1440 863 1476 in
899 1441 1138 1490 approbanda
1173 1454 1324 1479 excusa-

164 1500 268 1537 tione
303 1501 460 1547 offerre;
494 1505 683 1549 postremo
718 1514 796 1538 non
831 1502 907 1538 iam
943 1503 1090 1539 obscuri
1125 1504 1323 1541 suadentes

165 1562 277 1598 simul
305 1566 566 1611 terrentesque
591 1567 810 1612 pertraxere
841 1564 889 1600 ad
918 1564 1188 1601 Domitianum.
1246 1566 1322 1610 Qui

163 1629 318 1673 paratus
353 1625 604 1671 simulatione,
643 1626 686 1661 in
727 1627 978 1674 arrogantiam
1020 1628 1248 1676 compositus
1282 1634 1322 1666 et

164 1687 287 1722 audiit
331 1698 459 1735 preces
503 1688 726 1733 excusantis,
777 1693 816 1723 et
851 1701 967 1736 quum
1020 1690 1222 1736 annuisset,
1260 1693 1321 1740 agi

164 1749 236 1785 sibi
263 1749 404 1798 gratias
430 1761 563 1798 passus
591 1754 659 1795 est,
688 1762 758 1786 nec
786 1751 939 1786 erubuit
965 1751 1136 1788 beneficii
1163 1753 1317 1790 invidia.

164 1813 351 1849 Salarium
382 1817 520 1858 tamen,
551 1813 808 1861 proconsulari
836 1814 988 1850 solitum
1021 1815 1148 1851 offerri
1174 1819 1213 1853 et
1239 1817 1321 1865 qui-

164 1876 322 1912 busdam
357 1888 380 1912 a
415 1888 454 1912 se
482 1876 564 1924 ipso
595 1888 822 1922 concessum,
854 1877 1054 1924 Agricolae
1089 1890 1167 1914 non
1202 1878 1317 1924 dedit,

164 1938 242 1973 sive
277 1937 440 1974 offensus
481 1949 559 1973 non
598 1938 773 1986 petitum,
811 1939 890 1974 sive
919 1951 966 1975 ex
992 1941 1229 1987 conscientia,
1258 1953 1316 1986 ne,

163 1999 264 2048 quod
291 2004 476 2046 vetuerat,
506 2000 700 2036 videretur
727 2001 867 2037 emisse.
930 2001 1132 2050 Proprium
1162 2003 1319 2039 humani

163 2062 307 2110 ingenii
341 2066 399 2099 est
437 2062 568 2108 odisse,
601 2075 713 2110 quem
752 2062 930 2109 laeseris,·
980 2063 1193 2101 Domitiani
1229 2077 1319 2101 vero

163 2131 309 2172 natura,
338 2139 513 2176 praeceps
530 2127 572 2163 in
598 2127 702 2174 iram,
729 2131 768 2163 et
794 2141 869 2176 quo
895 2129 1092 2165 obscurior
1112 2142 1155 2166 eo
1181 2129 1320 2166 irrevo-

161 2189 330 2233 cabilior,
360 2190 617 2227 moderatione
653 2194 780 2226 tamen
815 2179 1090 2240 prudentiaque
1118 2182 1318 2240 Agricolae
